3102 4866
327 1194 450 1288 DE
511 1190 961 1291 BOGISLAO
1024 1193 1349 1294 MAGNO
1412 1166 2010 1295 POMERANIAE
2071 1193 2491 1294 PRINCIPE

521 1534 584 1579 m
613 1532 1070 1581 ntcssmuusus
1100 1533 1442 1581 nument
1472 1535 1699 1583 DUCUK.
1728 1535 1873 1583 1³0!-
1904 1536 2044 1582 nn.
2075 1535 2280 1583 “0818

222 1655 307 1700 AB
346 1654 706 1703 scammis
746 1657 1268 1706 onwmsvnm.
1328 1659 1451 1705 DI!
1488 1659 1631 1706 ¹11.
1671 1659 1887 1706 18⁸8.
1919 1658 2061 1705 1111..
2099 1660 2155 1704 A.
2185 1658 2579 1706 HDGGGXXKS

1067 1780 1468 1829 insumus
1496 1782 1735 1829 mus.

313 2074 320 2081 ·
423 2027 664 2111 Recens
697 2042 896 2109 adhuc
930 2042 1145 2109 animis
1181 2044 1410 2108 nostris
1447 2044 1717 2110 inhaeret
1744 2064 1961 2111 eorum
2001 2045 2235 2110 dierum
2262 2045 2577 2122 memoria,
2611 2058 2647 2111 3

225 2164 413 2230 quum
452 2156 704 2232 propter
737 2148 1069 2213 restitutam
1104 2157 1255 2232 post
1289 2148 1500 2232 longas
1538 2147 1821 2215 tenebras
1861 2149 2230 2231 euangelicae
2277 2148 2585 2217 ‹locu-inae

224 2252 419 2316 lucem
458 2260 991 2335 conservatamque
1027 2270 1138 2336 per
1173 2253 1288 2317 tria
1328 2253 1564 2318 saecula
1602 2253 1865 2340 purioris
1901 2254 2205 2338 religionis
2257 2253 2582 2330 veritatem,

227 2356 516 2442 solemnia
547 2375 713 2423 sacra
763 2355 936 2421 hoc
919 2375 1054 2440 ipso
1106 2356 1241 2423 loco
1288 2356 1653 2423 celebrantes
1695 2359 2102 2425 convenimus.
2184 2357 2401 2423 Omnia
2426 2366 2586 2424 tunc

221 2461 376 2526 laeta
412 2470 590 2546 atque
625 2461 814 2526 hilara
851 2460 1137 2540 vidimus,
1176 2472 1422 2527 ornatos
1463 2462 1716 2529 floribus
1748 2472 1962 2547 postes
2001 2475 2061 2529 et
2087 2463 2377 2548 parietes,
2406 2481 2583 2528 reso·
2722 2542 2735 2553 ·

223 2574 436 2631 nantes
485 2566 712 2631 festivis
756 2566 1145 2648 concentibus
1189 2567 1398 2644 aedes,
1440 2567 1640 2633 vultus
1688 2568 1958 2634 omnium
2011 2567 2175 2638 velut
2212 2566 2586 2632 felicissimae

222 2670 506 2736 victoriae
519 2670 734 2753 gaudio
750 2670 1118 2748 renidentes,
1138 2670 1315 2736 verba
1336 2671 1593 2755 denique
1611 2671 1861 2737 laetitiae
1880 2692 1951 2738 ac
1964 2671 2371 2756 gratulationis
2390 2671 2581 2755 plena.

397 2774 576 2841 Nunc
602 2784 800 2842 autem
842 2795 1022 2860 quam
1062 2775 1296 2842 diversa
1338 2784 1484 2841 sunt
1510 2777 1740 2843 omnia·
1780 2796 1962 2861 quam
1992 2785 2216 2842 mutata
2244 2775 2437 2861 ipsius
2466 2775 2583 2841 loci

225 2881 423 2946 facies.
465 2880 776 2964 Lugubres
806 2882 992 2946 modo
1023 2900 1198 2947 aures
1226 2889 1468 2946 nostras
1496 2891 1945 2965 personuerunt
1971 2882 2179 2946 fidium
2208 2900 2281 2946 ac
2306 2879 2583 2946 tibiarum

228 2994 466 3050 cantus:
497 2985 630 3069 ipse
657 2985 759 3050 bic
788 2994 1103 3070 suggestus
1143 2993 1273 3050 atro
1302 2984 1590 3050 velamine
1629 2984 1951 3050 obductus:
1983 2984 2330 3068 sepulcralis
2360 3003 2583 3050 monu-

227 3089 413 3153 menti
451 3088 688 3154 titulus.
725 3090 959 3154 funesta
989 3088 1230 3155 luctus
1212 3089 1464 3173 msignia
1494 3088 1687 3155 oculis
1715 3089 1946 3159 nostris
1983 3089 2206 3174 ubique
2253 3078 2583 3175 proposita.

397 3193 484 3259 lta
519 3195 686 3260 hunc
719 3194 878 3261 diem
916 3203 984 3259 ut
1020 3193 1388 3259 celebremus
1426 3204 1486 3258 et
1522 3194 1823 3260 maiorum
1865 3194 2057 3278 pietas
2084 3194 2263 3259 iussit
2290 3203 2353 3259 et
2377 3202 2589 3258 noster

224 3318 341 3364 nos
378 3299 614 3365 animus
653 3308 881 3365 monet.
945 3298 1095 3376 Quis
1134 3298 1294 3363 enim
1331 3315 1460 3362 uon
1493 3298 1695 3382 lugeat
1729 3297 1968 3363 illorum
2010 3304 2351 3381 temporum
2376 3316 2585 3363 recor·

226 3406 422 3481 datus,
461 3423 722 3488 quorum
761 3404 861 3469 hic
887 3404 1069 3469 nobis
1109 3403 1238 3468 dies
1268 3403 1622 3468 memoriam
1652 3411 1909 3480 revocat,
1940 3402 2155 3485 quibus
2183 3402 2591 3467 tristioramec

226 3509 371 3574 vidit
396 3528 662 3594 unquam
694 3508 883 3594 patria
917 3527 1117 3592 neque
1153 3506 1352 3592 potuit
1377 3506 1594 3571 videre.
1651 3505 1887 3571 lacebat
1923 3505 2279 3571 Pomerania
2304 3524 2433 3571 nou
2463 3523 2587 3570 uno

228 3613 468 3678 vulnere
494 3605 737 3691 afflicta,
776 3614 883 3679 sed
924 3613 1124 3679 multis
1155 3620 1333 3696 atque
1363 3610 1664 3677 continuis
1697 3610 1959 3677 cladibus
1990 3611 2139 3675 adeo
2171 3619 2493 3696 prostrata,
2520 3619 2592 3675 ut

226 3734 535 3801 nunquam
559 3717 870 3784 videretur
903 3737 1091 3803 posse
1125 3734 1454 3800 resurgere.
1515 3715 1709 3792 Quem
1754 3715 1933 3799 igitur
1967 3724 2115 3781 tunc
2141 3715 2441 3781 maiorum
2467 3731 2585 3778 no·
2630 3719 2663 3771 4

227 3831 494 3886 strorum
533 3822 719 3888 fuisse
758 3822 999 3892 creditis
1041 3823 1344 3898 dolorem,
1384 3838 1576 3904 quum
1604 3827 1886 3902 tanquam
1917 3819 2111 3885 orbati
2139 3819 2487 3903 parentibus
2515 3818 2590 3883 li·

228 3925 389 4004 beri,
418 3927 687 4011 sepultos
725 3927 995 3992 viderent
1014 3947 1123 3992 eos
1153 3944 1398 4001 omnes,
1437 3924 1501 3988 in
1530 3943 1793 4007 quorum
1833 3924 1953 3988 vita
1990 3943 2162 3989 suam
2191 3925 2309 4008 ipsi
2339 3924 2588 3989 salutem

226 4038 405 4113 atque
432 4031 896 4097 incolumitatem
942 4031 1204 4114 positam
1244 4030 1431 4095 fuisse
1468 4028 1891 4110 intelligebant.
1951 4030 2039 4093 Ac
2078 4046 2222 4093 sane
2260 4029 2315 4093 si
2346 4044 2589 4092 omnem

226 4136 534 4201 vetustatis
581 4137 933 4201 memoriam
987 4135 1287 4211 revolvas,
1345 4132 1444 4197 vix
1490 4133 1741 4197 alterum
1790 4131 2053 4196 invenies
2097 4140 2298 4197 tantae
2348 4141 2592 4214 tamque

226 4239 603 4306 miserandae
630 4239 848 4323 stragis
878 4239 1230 4323 exemplum.
1300 4237 1434 4302 Una
1462 4235 1784 4300 bominum
1816 4245 1982 4301 aetas
2020 4236 2324 4320 antiquam
2364 4236 2591 4319 prinei-

228 4362 375 4426 pum
405 4344 674 4423 domum,
701 4344 1027 4423 nobilitate,
1056 4345 1289 4420 virtute,
1315 4340 1504 4425 gloria
1530 4340 1833 4425 plerisque
1863 4339 2192 4419 clariorem,
2217 4340 2463 4426 patriae,
2490 4340 2591 4405 cui

2050 4444 2136 4509 29
2151 4443 2179 4477 *
