3102 4866
1402 341 1487 410 151

268 550 465 615 neque
494 532 749 598 certiora
778 540 921 598 sunt
947 533 1165 598 indicia
1194 532 1448 597 aliorum
1476 533 1822 609 nominum,
1858 533 2078 617 quibus
2106 551 2287 599 unam
2318 534 2630 599 alteramve

268 643 505 719 partem
534 644 819 722 tanquam
851 637 1212 720 singularem
1241 646 1301 702 et
1328 656 1361 701 a
1391 639 1604 702 ceteris
1628 639 2019 721 separandam
2050 639 2320 705 denotari
2349 658 2382 703 a
2410 637 2627 703 veteri·

267 738 385 804 bus
406 774 409 775 ν
432 741 765 807 voluerunt.
798 742 1022 807 'Veluti
1069 743 1231 826 quod
1279 741 1435 825 apud
1476 740 1835 806 Pausaniam
1884 743 1959 808 de
1999 741 2368 808 Boeotorum
2408 741 2626 807 iudicio
2713 760 2720 765 ·

259 844 543 927 legimus,
595 845 694 923 tx,
744 846 850 922 31,
902 845 973 910 3:
1024 841 1281 911 τούτων
1346 841 1505 926 (τῶν
1543 835 1829 931 Ἔργων)
1894 842 1977 913 τὸ
2036 841 2109 926 ἐς
2155 845 2281 927 τὰς
2332 841 2629 926 Μούσας

266 939 651 1037 ἀφαιροῦσι
696 941 1087 1035 προοίμιον,
1156 943 1359 1039 ἀρχὴν
1406 945 1527 1037 τῆς
1579 943 1946 1038 ποιήσεως·
1976 939 2156 1017 εἶναι
2201 947 2292 1017 τὸ
2346 945 2429 1030 ἐς
2487 946 2631 1030 viic
2723 936 2732 941 ’

261 1041 597 1141 Ἔριδας
647 1039 824 1117 εἶναι
866 1046 1192 1136 λέγοντες,
1247 1054 1398 1119 nihil
1433 1054 1591 1120 aliud
1629 1053 1951 1136 significat,
1996 1074 2174 1138 qnam
2215 1056 2457 1137 genuini
2493 1075 2627 1121 car·

266 1157 451 1221 minis
478 1156 713 1221 initium
741 1157 872 1220 fieri
900 1156 975 1220 ab
996 1157 1246 1222 Eridum
1278 1159 1869 1235 commemoratione,
1894 1176 2022 1222 non
2051 1167 2249 1223 autem
2277 1158 2628 1223 mlaticmm

267 1260 389 1324 hoc
413 1260 602 1325 fuisse
621 1261 849 1343 primae
869 1261 1055 1344 partis
1085 1280 1331 1340 nomen,
1362 1282 1484 1347 quo
1506 1283 1639 1328 eam
1670 1283 1704 1328 a
1733 1263 1944 1328 ceteris
1974 1264 2372 1347 seiungercnt.
2424 1262 2631 1346 Neque

265 1365 457 1447 magis
492 1383 568 1429 ex
607 1383 713 1442 eo,
750 1365 914 1447 quod
951 1365 1279 1442 Lucianus,
1320 1365 1565 1430 Hesiod.
1605 1386 1657 1431 c.
1706 1368 1773 1444 1,
1809 1376 2051 1451 poetam
2090 1367 2513 1450 composuisse
2547 1359 2640 1431 ait'

264 1461 794 1553 παραινέσεις
821 1464 1289 1556 γεωργικὰς,
1319 1463 1439 1534 καὶ
1468 1463 1605 1534 ὅσα
1632 1465 1823 1555 περὶ
1850 1463 2306 1550 Πλειάδων,
2346 1462 2468 1534 καὶ
2494 1460 2629 1535 ὅσα

264 1566 458 1657 περὶ
520 1568 821 1659 καιρῶν
886 1564 1179 1657 ἀρότου
1242 1567 1383 1637 καὶ
1448 1565 1759 1661 α’μήτου
1813 1568 1936 1638 καὶ
1998 1568 2192 1661 περὶ
2241 1569 2453 1640 πλοῦ
2507 1568 2631 1639 καὶ

266 1670 441 1755 ὅλως
480 1675 613 1742 τῶν
654 1667 869 1740 ἄλλων
921 1668 1261 1756 ἁπάντων,
1317 1678 1434 1743 hos
1485 1677 1897 1761 peculiares
1950 1678 2202 1743 titulos
2254 1678 2622 1761 singularum

264 1782 524 1864 partium
555 1781 809 1847 usitatos
838 1781 1023 1845 fuisse
1066 1781 1428 1866 colligemus.
1514 1782 1683 1846 Mitto
1714 1781 1824 1847 alia
1853 1782 2124 1846 eiusdem
2153 1781 2408 1864 generis,
2435 1799 2628 1864 quan-

264 1884 589 1968 doquidem
616 1885 736 1950 hoc
761 1885 908 1950 mihi
952 1904 1067 1969 pro
1096 1895 1260 1951 certo
1289 1886 1587 1950 affirmare
1614 1904 1799 1967 posse
1827 1884 2047 1962 videor,
2071 1884 2220 1949 nihil
2247 1904 2384 1949 esse
2409 1886 2473 1948 in
2502 1894 2623 1949 tam
2660 1900 2693 1956 s

263 1990 466 2054 multis
502 1999 768 2054 veterum
801 1989 1197 2068 citationibus,
1232 1990 1395 2056 unde
1431 1987 1718 2073 cog'nosci
1756 1997 1918 2053 certo
1970 1989 2192 2073 possit,
2242 1989 2383 2072 quid
2434 1989 2509 2053 iis
2546 1990 2625 2054 de
2656 2008 2662 2015 ·

261 2093 532 2175 partibus
560 2093 744 2158 huius
764 2094 1049 2158 carminis
1079 2114 1400 2178 earumque
1429 2093 1873 2177 compositione
1899 2093 2096 2157 visum
2135 2094 2231 2157 sit.
2288 2092 2474 2171 Multo
2503 2093 2624 2157 mi-

261 2214 380 2260 nus
408 2204 613 2261 autem
640 2196 786 2261 illud
814 2197 936 2261 ullo
966 2206 1069 2262 aut
1098 2197 1441 2263 testimonio
1463 2206 1565 2262 aut
1591 2206 1943 2279 argumento
1974 2196 2375 2263 demonstrari
2400 2204 2624 2280 potest,

262 2299 439 2365 aliam
475 2311 539 2365 et
572 2301 647 2365 ab
685 2300 823 2377 hac,
860 2319 1041 2383 quam
1077 2319 1197 2365 nos
1234 2308 1588 2377 tractamus,
1635 2301 1964 2365 admodum
2004 2299 2300 2365 diversam
2340 2300 2623 2365 carminis

261 2406 517 2471 sormam
566 2404 690 2470 ullo
741 2414 1017 2490 tempore
1053 2405 1351 2471 veteribus
1400 2414 1611 2470 notam
1663 2404 1866 2471 misse.
1949 2403 2328 2489 Quamquam
2368 2405 2626 2470 Wolfius

263 2510 509 2593 quidem
546 2510 714 2574 aliter
753 2511 1075 2590 statuit³):
1126 2526 1321 2587 „non
1367 2518 1648 2574 tantum
1686 2509 1908 2574 luxati
1949 2510 2371 2592 corporis“,
2414 2507 2627 2592 inquit,

264 2613 439 2692 „sed
469 2621 542 2677 et
570 2614 957 2698 amplioris
987 2613 1236 2697 operis
1266 2613 1590 2695 exiguam
1623 2631 2012 2697 superesse
2050 2613 2334 2677 ruinam
2365 2612 2629 2677 docent

262 2717 628 2795 Manilius,
656 2718 968 2794 Plinius,
998 2717 1150 2793 alii,
1189 2736 1404 2800 quum
1432 2735 1514 2781 ex
1542 2716 1667 2780 illo
1697 2718 2019 2781 afferunt
2046 2716 2280 2799 plura,
2317 2734 2623 2798 quorum

264 2841 456 2888 nunc
481 2840 615 2888 nec
640 2822 802 2887 vola
840 2841 973 2887 nec
998 2822 1387 2904 vestigium
1431 2830 1761 2904 apparet3
1800 2820 1951 2885 nisi
1988 2820 2152 2902 quis
2181 2830 2451 2885 temere
2480 2819 2627 2884 lin-

265 2936 409 3008 gat,
440 2927 573 2991 hos
602 2927 686 2992 de
714 2927 1006 2992 diverso
1048 2924 1364 2990 carmine
1399 2924 1719 2988 testari.“
1787 2923 1966 3006 Atqui
1993 2924 2114 2988 hoc
2139 2925 2305 3007 ipso,
2346 2922 2508 3006 quod
2537 2922 2621 2987 illi

264 3038 489 3095 temere
517 3030 663 3113 fingi
692 3030 1012 3107 videbatur,
1041 3030 1188 3094 nihil
1215 3030 1338 3094 veri
1367 3028 1620 3093 similius
1650 3037 1768 3105 est,
1795 3027 2246 3110 iudicaruntque
2276 3027 2365 3092 sic
2391 3035 2451 3092 et
2479 3027 2623 3091 olim

264 3132 546 3199 Heinsius
565 3137 657 3214 ⁶),
694 3143 755 3198 et
787 3144 999 3200 nostra
1038 3134 1330 3199 memoria
1366 3133 1705 3215 Rugiusv),
1743 3130 2136 3215 Goettlingius
2158 3135 2219 3212 ⁸)
2275 3131 2488 3215 aliique
2513 3131 2625 3195 viri

163 3243 178 3317 ’,
266 3215 619 3314 doctissimi,
646 3237 751 3320 qui
783 3238 977 3302 maius
1007 3237 1310 3320 quoddam
1342 3255 1581 3302 carmen
1621 3236 1964 3319 georgicum
1993 3253 2159 3300 nunc
2185 3235 2562 3319 deperditum
2589 3253 2627 3298 a

266 3339 560 3404 veteribus
590 3339 855 3404 Hesiodo
894 3340 1181 3404 tributum
1219 3341 1405 3404 fuisse
1440 3340 1588 3404 mihi
1628 3340 1868 3423 quidem
1898 3339 2344 3423 propemodum
2371 3357 2626 3423 persua·
2737 3393 2744 3399 .

238 3452 494 3523 ‘sei-unt.
555 3443 731 3508 Sed
712 3443 757 3507 zi
793 3462 1063 3527 quoque,
1101 3443 1202 3527 qui
1232 3444 1353 3509 hoc
1386 3444 1591 3510 minus
1621 3443 1896 3528 probant,
1925 3443 1969 3507 1.
2002 3444 2222 3509 Caesar
2237 3447 2300 3524 ⁹)
2335 3452 2397 3509 et
2423 3444 2627 3509 Mark-

405 3636 458 3704 5)
495 3636 577 3689 Ad
606 3635 815 3691 Hesiodi
845 3637 1056 3692 Scutmn
1088 3637 1240 3691 Herc.
1275 3654 1324 3708 Ρ.
1362 3636 1429 3689 79
1462 3636 1543 3689 ed.
1579 3635 1742 3689 Rank.
1773 3663 1847 3678 —
1877 3635 1991 3690 Non
2027 3637 2185 3690 aliter
2218 3643 2340 3690 ante
2372 3632 2623 3689 Wolflnm

260 3721 589 3778 Thierschins
620 3724 953 3779 iudicaverat.
1000 3724 1117 3779 Vid.
1144 3725 1254 3777 eius
1287 3724 1704 3777 dissertationem
1737 3723 1865 3791 „Ue
1880 3724 2125 3777 ber.die
2160 3722 2477 3778 Gediclite
2511 3721 2628 3788 des

262 3811 629 3866 Hesiodns“
651 3812 705 3864 in
728 3811 1012 3866 Denkschr.
1046 3813 1096 3865 d.
1118 3808 1238 3878 831.
1261 3810 1427 3864 Akte.
1450 3811 1500 3863 d.
1526 3809 1853 3864 Wissensch.
1888 3827 1956 3863 zu
1978 3811 2231 3865 Miinchen
2253 3807 2291 3864 f.
2317 3809 2367 3862 ιΙ.
2390 3808 2438 3861 J.
2465 3804 2628 3859 1818·

262 3916 312 3970 Ρ.
336 3898 536 3952 Sonot.
564 3897 646 3954 19.
734 3951 739 3956 .

398 3985 452 4055 6)
489 3983 934 4041 Inminet-ino.
960 3985 1400 4057 etD.cap.1Vp.
1428 3984 2012 4054 summum-ner

401 4075 453 4142 7)
488 4073 549 4129 ln
570 4075 993 4129 mutuatione
1017 4090 1163 4145 qnam
1188 4073 1449 4142 inscripsit
1471 4071 1594 4125 Hesi
1596 4072 1680 4124 odi
1663 4069 1845 4145 ἔιργα
1865 4068 2106 4145 μεγάλα.
2153 4072 2394 4138 Fn-tsurg.
2422 4066 2576 4122 1835.

288 4171 295 4176 “
399 4162 455 4230 8)
490 4160 718 4216 Pnefat.
751 4163 817 4215 ad
841 4161 965 4215 Hesi
968 4162 1046 4215 od.
1080 4178 1132 4231 p.
1158 4158 1505 4215 xxxJV.-
1525 4159 1761 4214 Aliorum
1795 4163 1998 4214 nomina
2031 4165 2393 4214 commemorat
2423 4155 2634 4211 Marci·

269 4249 493 4303 Μαι.
515 4249 555 4302 1.
577 4265 699 4303 mox
721 4249 1007 4303 indicando.

403 4336 455 4404 9)
490 4335 549 4391 ln
581 4336 873 4392 Zimem.
896 4336 1075 4392 nim.
1107 4338 1358 4407 antiquar.
1393 4336 1653 4391 zeitschr.
1685 4333 1724 4390 f.
1758 4336 1808 4390 d.
1832 4335 2299 4390 Altertbmswiss.
2332 4329 2626 4387 ann.1838
2708 4382 2718 4390 .

272 4440 326 4478 ι.
347 4423 415 4478 85
438 4439 553 4495 sqq.
633 4452 645 4464 ·

2112 4514 2193 4581 4*
