3102 4866
294 1819 301 1823 ’
407 1817 440 1871 3

693 1490 824 1585 An
884 1486 1410 1586 LYRIOORUM
1472 1487 2000 1625 GRAECORUM
2058 1489 2637 1591 FRAGMENTA,

649 1777 853 1873 Quum
887 1812 1098 1879 nuper,
1119 1793 1588 1871 Commilitones,
1609 1793 1974 1859 Graecorum
2002 1793 2321 1879 lyricorum
2349 1797 2646 1882 reliquias,
2676 1816 2828 1880 qua-

475 1919 611 1965 rum
633 1900 1043 1964 collectionem
1060 1898 1198 1963 usui
1221 1908 1419 1964 vestro
1430 1899 1946 1964 accommodatam
1957 1899 2368 1965 Meblbornius
2392 1902 2634 1978 ctu-avit,
2663 1919 2826 1967 non-

471 2005 646 2071 nullis
676 2013 940 2069 vcstrum
983 2003 1316 2068 tractandas
1345 2003 1877 2088 proposuerimus,
1920 2004 1984 2068 in
2029 2023 2219 2089 eoque
2257 2006 2497 2089 negotio
2527 2006 2655 2071 fleri
2698 2024 2830 2070 non

472 2109 735 2194 potuerit
761 2107 905 2192 quin
936 2107 1179 2185 multae,
1209 2106 1427 2190 quibus
1457 2127 1664 2172 earum
1693 2107 1869 2172 lectio
1898 2109 2127 2190 passim
2168 2109 2511 2194 impeditur,
2555 2109 2644 2174 vel
2685 2129 2826 2175 cor-

469 2213 732 2298 ruptelae
761 2211 849 2276 vel
881 2211 1232 2276 difficutates
1263 2229 1378 2275 nos
1409 2212 1794 2288 adverterent,
1826 2231 2075 2295 quarum
2106 2214 2159 2277 si
2189 2213 2427 2297 quando
2455 2212 2825 2298 probabilem

465 2325 569 2382 aut
593 2315 1069 2381 emendationem
1099 2324 1201 2381 aut
1228 2315 1676 2400 explicationem
1708 2316 1979 2381 nondum
2009 2316 2085 2382 ab
2107 2316 2235 2381 aliis
2265 2316 2827 2384 inventam·videre-

467 2440 632 2497 mus,
669 2438 785 2484 nos
837 2418 955 2503 ipsi
995 2428 1097 2485 aut
1137 2420 1493 2485 medicinam
1538 2419 1819 2486 adbibere
1864 2422 2165 2505 corruptis
2193 2421 2512 2488 aut'lucem
2547 2421 2824 2488 obscuris

464 2526 1063 2591 afferreconaremur:
1094 2524 1279 2588 multa
1300 2523 1540 2607 quidem
1566 2525 1628 2588 in
1652 2525 1915 2604 medium
1937 2525 2104 2591 allata
2125 2536 2289 2604 sunt,
2312 2546 2463 2611 quae
2483 2527 2821 2592 accuratius

463 2629 765 2714 pensitata
803 2647 1016 2693 rursus
1057 2627 1381 2693 abiicienda
1421 2647 1556 2692 esse
1593 2628 2016 2707 intelleximus,
2058 2640 2119 2695 at
2162 2632 2237 2697 de
2277 2631 2582 2696 nonnullis
2619 2639 2824 2696 tamen

463 2734 613 2799 locis
642 2731 732 2797 vel
761 2731 836 2797 ab
868 2730 961 2808 iis,
992 2730 1212 2814 quibus
1242 2732 1461 2796 borum
1490 2733 1760 2797 tractatio
1792 2733 2070 2799 mandata
2107 2745 2251 2813 erat,
2282 2736 2372 2799 vel
2412 2754 2446 2799 a
2489 2734 2686 2812 nobis,
2715 2734 2823 2819 qui

464 2846 662 2904 vestra
699 2836 895 2902 studia
932 2834 1416 2914 moderabamur,
1455 2836 1831 2902 coniecturae
1869 2838 2158 2921 quaedam
2204 2838 2473 2922 prolatae
2510 2847 2654 2903 sunt
2689 2854 2821 2903 non

395 2977 409 2992 ο
462 2939 887 3028 improbabiles
922 2958 1119 3022 neque
1148 2938 1443 3021 indignae,
1483 2959 1634 3022 quae
1672 2940 1848 3005 etiam
1881 2961 2019 3006 cum
2049 2942 2177 3007 aliis
2210 2943 2815 3008 communicarentur.

460 3046 866 3124 Quamobrem
938 3064 1123 3128 quum
1189 3044 1372 3108 hasce
1440 3042 1907 3108 academicorum
1977 3045 2396 3128 prolusionum
2457 3047 2816 3130 scriptiones

459 3161 651 3218 vestra
679 3149 1060 3234 potissimum
1086 3167 1261 3212 causa
1291 3146 1589 3212 institutas
1621 3166 1754 3212 esse
1785 3148 2148 3226 iudicemus,
2192 3168 2318 3214 non
2349 3150 2603 3215 alienum
2634 3152 2815 3217 nobis

456 3257 651 3321 visum
682 3263 795 3328 est,
826 3255 900 3318 de
928 3252 1233 3317 nonnullis
1264 3253 1477 3316 harum
1509 3271 1711 3316 rerum
1736 3252 1825 3317 vel
1855 3253 1914 3317 in
1945 3253 2425 3319 recordationem
2455 3255 2615 3320 baud
2653 3255 2814 3320 iniu-

458 3361 713 3427 cundam
743 3358 1153 3424 communium
1187 3356 1554 3433 studiorum,
1584 3357 1673 3420 vel
1702 3356 1877 3421 etiam
1906 3359 1969 3422 in
1999 3368 2332 3423 ceterorum
2362 3377 2575 3437 usum,
2621 3359 2674 3424 si
2713 3360 2818 3444 qui

457 3451 603 3530 sunt
637 3482 764 3528 non
808 3463 1059 3528 alienato
1098 3481 1132 3527 a
1173 3459 1533 3525 Graecorum
1577 3460 1763 3524 Musis
1804 3460 2036 3537 animo,
2087 3464 2283 3545 paullo
2323 3465 2655 3530 accuratius
2696 3465 2817 3529 boc

452 3569 589 3633 loco
611 3567 922 3631 disserere.
946 3600 1030 3614 --
1058 3565 1294 3630 Initium
1328 3565 1614 3629 faciemus
1637 3564 1709 3628 ab
1736 3565 2068 3630 Archilochi
2093 3567 2425 3649 fragmento
2450 3569 2607 3650 apud
2632 3568 2812 3634 Ioan-

452 3690 591 3738 nem
624 3670 950 3736 Stobaeum
980 3670 1139 3735 Flor.
1171 3669 1258 3734 tit.
1296 3670 1416 3733 105
1449 3668 1563 3732 vol.
1595 3667 1676 3732 111
1698 3686 1758 3750 p.
1793 3666 1918 3733 358
1962 3667 2163 3746 Gaisn,
2192 3688 2252 3734 n.
2285 3669 2531 3736 XXXIII
2557 3673 2718 3738 Lieb.

634 3775 795 3852 Τοῖς
834 3774 1033 3852 θεοῖς
1070 3765 1265 3839 τίθει
1308 3768 1398 3837 τὰ
1443 3765 1696 3836 πάντα·
1742 3767 2078 3850 πολλάκις
2115 3766 2242 3855 μὲν
2282 3767 2358 3838 ἐκ
2401 3773 2625 3842 κακῶν

601 3869 904 3965 ’Ἀνδρος
945 3869 1273 3964 wazone
1297 3868 1578 3962 μελαίνῃ
1623 3871 1963 3957 κειμένους
2004 3870 2128 3941 ἐπὶ
2169 3872 2395 3960 χθονί,

620 3976 970 4059 Πολλάκις
1013 3971 1558 4064 δ’ἇνατρέπουσι,
1605 3974 1722 4042 καὶ
1763 3969 1921 4060 μάλ’
1965 3965 2038 4044 εὖ
2077 3975 2454 4069 βεβηκότας

612 4082 633 4112 ‘
656 4079 957 4164 Υπτίους
997 4075 1322 4150 κλίνουθ·
1366 4075 1609 4150 ἔπειτα
1653 4078 1878 4147 πολλοὶ
1920 4076 2217 4168 γίγνεται
2259 4081 2456 4165 κακά,

617 4187 763 4258 Καὶ
804 4182 961 4274 βίου
1002 4184 1124 4276 χρὴ
1165 4184 1261 4275 μή
1308 4184 1673 4266 πλανᾶται,
1717 4182 1835 4252 καὶ
1876 4182 2033 4254 νόου
2078 4184 2443 4277 παρήορος.

618 4296 792 4374 Quod
839 4294 903 4358 in
953 4301 1261 4377 postremo
1320 4293 1540 4357 horum
1602 4311 1882 4356 versuum
1935 4293 2172 4358 codices
2225 4295 2484 4358 offerunt
2531 4290 2654 4382 χρὴ
2707 4289 2807 4385 μή

444 4411 794 4485 corruptum
837 4418 972 4463 esse
999 4405 1261 4480 apparet.
1340 4398 1427 4462 Ac
1456 4395 1698 4462 Grotius
1728 4395 1965 4481 quidem
1997 4418 2135 4464 cum
2157 4398 2221 4464 C.
2247 4399 2519 4465 Gesnero
2546 4392 2809 4490 χρῄζων
