3102 4866
1473 359 1518 424 5

329 550 676 625 inclamare*⁹
704 569 894 635 quum
921 569 1064 616 vero
1093 550 1337 628 addunt,
1369 539 1481 615 ὅτι
1506 541 1596 612 τὰ
1624 545 1908 614 τοιαῦτα
1934 544 2110 614 κατὰ
2132 544 2216 615 τὸ
2242 542 2687 632 σιωπώμενον

331 647 757 740 ἐνεργούμενα
798 652 908 720 δεῖ
946 650 1485 741 προσδέχεσθαι,
1529 653 1605 717 ad
1645 653 1806 719 idem
1833 673 2051 720 rursus
2086 654 2451 720 defensionis
2491 671 2683 737 genus

330 759 706 843 confugiunt,
756 761 916 845 quod
955 760 1106 826 mihi
1144 760 1414 844 quidem,
1464 766 1687 842 quanto
1727 759 1967 843 saepius
2005 760 2070 825 in
2109 760 2289 824 unius
2326 756 2683 824 narrationis

328 872 533 930 tenore
572 865 982 931 adhibendum
1010 872 1128 941 est,
1164 873 1330 930 tanto
1371 862 1563 946 magis
1602 863 2006 946 suspicionem
2045 872 2264 930 movet.
2351 863 2497 930 mud
2525 870 2687 928 certe

329 970 709 1035 manifestum
730 979 853 1034 est.
885 970 939 1034 si
977 988 1223 1034 omnem
1245 969 1402 1035 hanc
1428 969 1504 1032 de
1526 968 1874 1052 Sarpedone
1903 969 2307 1034 narrationem
2330 968 2405 1034 ab
2425 969 2555 1045 hac,
2584 966 2680 1033 cui
2715 986 2750 1039 6

328 1091 490 1138 nunc
514 1072 739 1139 inserta
770 1082 880 1150 est,
919 1079 1089 1156 parte
1116 1072 1312 1138 iliadis
1346 1073 1675 1138 seiunctam
1706 1073 2068 1168 legeremus,
2103 1090 2285 1138 nemo
2327 1090 2455 1139 uon
2479 1073 2682 1138 Iovem

252 1237 259 1247 ,
327 1196 462 1241 eum
491 1177 748 1256 lunone,
780 1176 1051 1261 Apolline
1081 1177 1410 1261 ceterisque
1436 1177 1565 1241 deis
1594 1179 1659 1242 in
1681 1176 1958 1262 Olympo,
1985 1184 2055 1242 ut
2083 1177 2322 1253 assolet,
2347 1185 2683 1243 versantem

324 1289 691 1364 agnosceret.
747 1282 905 1360 Quid
943 1281 1124 1365 igitur
1153 1300 1369 1347 musae
1394 1291 1514 1358 est,
1543 1300 1652 1346 cur
1687 1298 1980 1348 non-‘rem
2012 1282 2102 1347 sic
2127 1282 2303 1347 etiam
2341 1281 2416 1347 ab
2444 1299 2552 1357 eo,
2577 1282 2684 1364 qui

321 1387 552 1468 primus
580 1387 729 1452 haec
754 1385 980 1464 cecinit,
1011 1385 1390 1469 propositam
1421 1385 1611 1451 ruisse
1642 1387 1976 1464 credamus,
2007 1392 2219 1470 postea
2250 1395 2467 1463 autem,
2495 1403 2684 1469 quum

322 1489 516 1556 visum
546 1499 711 1556 esset
734 1491 891 1556 hanc
917 1490 1320 1556 narrationem
1353 1489 1495 1554 huic
1521 1491 1881 1574 rhapsodiae
1899 1491 2195 1568 inserere,
2229 1511 2262 1556 a
2293 1488 2683 1556 diasceuastis

321 1595 587 1661 additum
625 1614 762 1660 esse
782 1613 1021 1660 versum
1053 1593 1202 1671 677,
1238 1594 1519 1677 quoniam
1555 1593 1780 1659 scilicet
1811 1595 1961 1660 haec
1987 1613 2129 1678 pars
2159 1594 2359 1660 Iliadis
2380 1594 2586 1658 lovem
2618 1592 2681 1656 in

318 1699 419 1764 Ida
447 1699 753 1764 sedentem
775 1718 1028 1782 poscere
1047 1694 1389 1763 vida-eun?
1451 1695 1563 1761 Est
1582 1706 1885 1779 praeterea
1906 1698 2066 1764 aliud
2090 1699 2234 1783 quid
2255 1698 2320 1763 in
2341 1699 2682 1764 hacnarra·

320 1804 483 1869 tione
529 1821 659 1869 non
704 1803 918 1868 inscite
966 1822 1002 1868 a
1044 1801 1357 1867 Zenodoto
1409 1809 1711 1866 notatum:
1760 1802 2092 1868 iniunctum
2146 1801 2405 1886 Apollini
2455 1820 2681 1868 munus

321 1908 620 1973 cadaveris
649 1907 922 1985 mirandi,
947 1925 1165 1990 parum
1193 1906 1335 1971 illud
1365 1906 1729 1970 conveniens
1757 1906 1937 1972 huius
1966 1906 2061 1971 dei
2088 1923 2408 1989 personae.
2479 1906 2684 1991 Neque

320 2021 524 2077 tamen
559 2022 878 2096 propterea
912 2011 1008 2077 ille
1046 2029 1259 2075 omnes
1297 2011 1417 2074 hos
1444 2028 1685 2085 versus.
1723 2029 1759 2075 a
1789 2009 1917 2076 666
1946 2010 2020 2075 ad
2052 2007 2209 2086 683,
2247 2009 2458 2076 eiicere
2492 2029 2679 2077 ausus

320 2127 430 2194 est,
459 2117 970 2201 quemadmodum
997 2113 1264 2198 Heynius
1294 2113 1562 2179 credidit.
1648 2113 1782 2180 Hoc
1816 2124 2014 2180 autem
2042 2134 2158 2198 pro
2190 2123 2352 2197 certo
2381 2115 2684 2180 affirmare

320 2221 484 2300 licet,
522 2222 576 2287 si
605 2222 740 2305 quis
766 2230 962 2286 totum
998 2221 1160 2285 hunc
1193 2219 1395 2283 locum
1424 2218 1500 2284 de
1528 2217 1896 2302 Sarpedonis
1924 2220 2276 2297 certamine,
2307 2228 2504 2284 morte
2528 2227 2592 2284 et
2615 2218 2713 2285 in2
2821 2279 2833 2287 .

318 2326 557 2410 Lyciam
608 2325 1020 2409 deportatione
1068 2328 1244 2410 plane
1286 2328 1612 2393 resecuerit
1660 2334 1720 2389 et
1754 2343 1828 2389 ex
1876 2324 1992 2388 hac
2027 2324 2357 2389 Patrocliae
2392 2341 2684 2408 compage

318 2430 667 2509 removerit,
713 2430 862 2496 m'hil
900 2431 975 2497 ad
1012 2431 1407 2516 integritatem
1444 2429 1656 2514 reliqui
1695 2428 1976 2494 carminis
2011 2429 2355 2495 defuturum
2399 2447 2553 2494 esse-
2589 2463 2684 2477 -

317 2536 647 2602 Insiticium
676 2536 838 2600 haud
867 2536 1045 2602 dubie
1073 2538 1252 2602 etiam
1288 2538 1535 2602 alterum
1569 2535 1727 2600 Iovis
1766 2552 1902 2598 cum
1930 2534 2163 2598 Iunone
2199 2534 2561 2617 colloquium
2591 2542 2686 2599 est

318 2648 460 2724 post
508 2648 770 2705 mortem
820 2639 1104 2718 Patrocli,
1163 2640 1378 2718 nm,
1431 2637 1824 2714 ase-386,
1876 2639 1953 2703 de
2004 2656 2126 2721 quo
2178 2647 2347 2722 post·
2370 2637 2680 2714 woman,
2715 2685 2722 2690 -

318 2745 584 2827 prolegg.
646 2763 706 2827 p.
762 2743 996 2822 CXXX,
1055 2746 1323 2829 plerique
1379 2762 1546 2809 nunc
1602 2743 2041 2820 consentiunt,
2080 2751 2316 2826 praeter
2373 2741 2681 2818 Rutilium,

320 2849 731 2933 Spumea-um,
769 2848 1067 2913 Faesium.
1165 2849 1342 2926 Quod
1392 2857 1590 2914 autem
1637 2848 1700 2912 iu
1751 2847 1996 2912 scholiis
2032 2846 2317 2928 legimus,
2355 2837 2397 2932 ἦ
2446 2840 2677 2931 διπλῆ,

315 2944 429 3017 ὅτι
466 2947 645 3016 κατὰ
686 2946 768 3017 τὸ
794 2945 1240 3034 σιωπώμενον
1266 2945 1345 3031 ἐξ
1369 2942 1562 3039 ’Ίδης
1604 2944 1704 3030 εἰς
1720 2942 2072 3033 Ὄλυμπον
2116 2943 2376 3034 γέγονεν
2418 2939 2458 3014 ὀ
2486 2941 2676 3026 Ζεύς,

313 3052 433 3121 καὶ
496 3047 578 3121 οὗ
644 3048 972 3134 germem*
1029 3047 1190 3121 ὅταν
1253 3049 1412 3142 λέγῃ
1469 3046 1534 3136 (ὅ
1583 3049 1906 3142 ποιητὴς)
1963 3049 2140 3119 κατὰ
2207 3046 2676 3137 συμπέρασμα,

313 3168 563 3243 apparet
590 3158 690 3223 hic
714 3175 955 3242 quoque
981 3160 1317 3242 quaesitum
1347 3158 1550 3236 fuisse,
1580 3156 1825 3223 ubinam
1852 3158 2079 3240 Iupiter
2106 3168 2168 3222 et
2191 3158 2344 3223 Iuno
2383 3175 2502 3222 una
2541 3174 2678 3222 esse

312 3263 562 3347 putandi
598 3265 824 3341 forent,
874 3264 941 3329 in
967 3263 1149 3328 ldane
1197 3282 1275 3329 an
1314 3264 1379 3327 in
1410 3262 1686 3346 Olympo.
1772 3262 2101 3327 Reversum
2139 3271 2337 3327 autem
2377 3261 2453 3327 ab
2481 3261 2584 3327 Ida
2611 3261 2677 3326 in

313 3367 637 3451 Olympum
665 3367 865 3432 lova·
896 3368 1017 3432 iam
1038 3367 1216 3445 xvn,
1253 3368 1394 3431 167.
1422 3366 1482 3432 8.
1504 3375 1567 3429 et
1587 3367 1715 3431 545
1744 3366 2149 3450 agnoscimus,
2179 3367 2255 3432 de
2278 3365 2456 3431 cuius
2484 3366 2680 3431 aedita

312 3490 498 3554 quum
523 3471 810 3536 disertiuz
838 3490 1138 3555 exponere
1165 3480 1344 3555 poeta
1374 3470 1804 3553 supersederit,
1844 3479 1939 3535 est
1974 3488 2119 3535 sane
2146 3471 2267 3535 hoc
2293 3488 2501 3534 verum
2528 3470 2676 3534 reti·

315 3576 540 3641 centiae
588 3575 947 3659 exemplum.
1041 3576 1247 3660 Neque
1295 3583 1496 3641 tamen
1547 3572 1692 3638 hinc
1733 3573 1877 3639 illud
1918 3574 2281 3656 colloquium
2322 3572 2483 3638 lovis
2533 3591 2674 3637 mm

314 3680 546 3746 lunone
578 3681 781 3744 minus
810 3689 1160 3763 suspectum
1189 3682 1281 3757 fit,
1322 3679 1493 3744 cuius
1522 3678 1844 3760 damnandi
1873 3678 2022 3744 aliae
2050 3698 2264 3743 causae
2294 3677 2676 3759 gravissimae

315 3794 485 3860 sunt,
522 3784 600 3849 de
634 3784 855 3867 quibus
892 3785 1178 3869 quoniam
1216 3785 1444 3851 dudum
1473 3783 1549 3848 ab
1580 3782 1744 3858 aliis,
1779 3792 1847 3847 et
1872 3801 2067 3867 nuper
2103 3783 2280 3848 etiam
2308 3801 2344 3846 a
2370 3781 2673 3847 Nitzschio

312 3888 654 3973 expositum
674 3896 785 3966 est,
805 3907 970 3954 nunc
989 3910 1025 3956 a
1046 3889 1223 3955 nobie
1244 3888 1363 3954 dici
1381 3886 1531 3952 nihil
1554 3887 1780 3952 attinet.
1794 3922 1884 3936 —
1905 3887 2043 3952 Non
2063 3888 2251 3952 levem
2276 3884 2675 3951 offensionem

312 3994 491 4059 habet
515 3993 692 4059 etiam
721 3991 845 4069 XV,
882 3993 1029 4073 668,
1068 3994 1173 4059 ubi
1214 3993 1411 4057 subito
1440 3992 1702 4055 Minerva
1738 3990 2050 4073 caliginem
2078 3992 2154 4056 ab
2193 3990 2383 4056 oculis
2411 3989 2674 4054 Graeco-

312 4117 451 4163 rum
475 4098 844 4165 diamssisse
869 4097 1106 4175 dicium
1135 4116 1287 4181 quae
1313 4095 1558 4179 quando
1588 4106 1649 4160 et
1675 4113 1796 4178 quo
1824 4097 2009 4161 modo
2040 4104 2101 4160 et
2113 4115 2155 4160 -a
2183 4112 2450 4179 quonam
2481 4094 2676 4157 offusa

314 4203 523 4280 lucit,
559 4197 860 4285 nusquam
896 4210 1068 4267 antea
1106 4203 1428 4268 indicatum
1454 4207 1577 4265 est.
1663 4200 1869 4283 Itaque
1905 4200 2046 4266 huic
2082 4217 2321 4284 quoque
2350 4198 2484 4262 loco
2515 4215 2675 4262 non-

310 4305 461 4371 nulli
486 4306 827 4373 reticentiae
859 4307 1111 4390 figuram
1149 4307 1575 4372 adhibuerunt:
1606 4304 1832 4371 scilicet
1858 4305 1979 4370 hoc
2005 4305 2172 4389 ipso,
2203 4302 2372 4387 quod
2403 4302 2677 4368 disum

314 4411 501 4494 caligo
523 4411 791 4489 dicatur,
827 4411 977 4476 satis
1001 4430 1316 4494 apparere,
1353 4428 1484 4475 eam
1524 4420 1702 4474 antea
1725 4410 1927 4492 aliquo
1965 4408 2152 4473 modo
2181 4408 2440 4472 offusam
2465 4407 2676 4484 fuisse,
