3102 4866
1394 260 1399 265 ⁴
1515 252 1523 259 ι

1823 280 1834 292 ἱ

403 545 441 598 4
474 536 635 601 tandi
673 536 924 603 libenter
959 554 1252 622 agnosco,
1299 536 1604 602 veritatem
1643 544 1711 600 ut
1748 553 2069 617 agnoscam
2110 535 2274 601 nullo
2313 536 2498 602 modo
2536 536 2827 612 adducor,

464 658 663 724 neque
688 642 899 707 melius
938 641 1013 706 de
1050 641 1171 715 boc
1208 642 1469 706 carmine
1497 639 1746 705 iudicari
1784 658 1965 724 posse
1991 639 2297 716 existimo,
2338 658 2519 723 quam
2548 640 2623 704 de
2649 640 2827 705 theo·

464 745 643 827 gonia
679 764 876 829 nuper
911 765 946 810 a
985 764 1101 809 me·
1132 744 1457 809 iudicatum
1500 752 1620 820 est,
1664 762 1849 827 quum
1887 762 2021 809 eam
2060 744 2528 826 compositorem
2567 744 2828 825 prodere

467 847 589 913 dixi
626 867 784 931 opus
813 848 985 931 quasi
1024 847 1389 929 tessellatum
1417 867 1488 912 ex
1515 846 1691 911 variis
1730 856 1907 930 atque
1936 847 2324 911 dissimilibus
2356 848 2628 928 partibus
2675 846 2828 940 conss

465 951 709 1037 cinnare
728 960 1030 1030 conatum,
1062 953 1183 1036 qui,
1215 971 1400 1036 quum
1423 951 1735 1016 universae
1755 950 1994 1034 quidem
2018 951 2482 1034 compositionis
2507 949 2829 1016 consilium

464 1062 526 1119 et
553 1055 1015 1140 descriptionem
1037 1058 1193 1123 baud
1215 1058 1416 1140 inepte
1437 1055 1812 1131 instituisset,
1841 1064 2039 1120 tamen
2070 1055 2537 1140 aequabilitatem
2568 1057 2827 1139 partium

465 1158 804 1244 iustamque
848 1162 1303 1246 proportionem
1355 1179 1570 1245 parum
1611 1168 1871 1233 arraret,
1917 1152 2111 1240 neque
2160 1158 2235 1223 ad
2273 1158 2486 1224 scitam
2524 1168 2585 1225 et
2623 1167 2828 1243 aptam

466 1282 674 1328 earum
714 1252 1051 1330 iuncturam
1086 1276 1146 1330 et
1185 1266 1354 1349 quasi
1394 1264 1635 1328 mollem
1675 1263 1971 1347 quandam
2013 1263 2421 1328 membrorum
2462 1263 2829 1328 commissu-

466 1387 598 1433 ram
629 1369 1002 1435 efficiendam
1032 1372 1180 1435 satis
1209 1379 1313 1435 aut
1350 1369 1586 1452 ingenio
1618 1376 1721 1432 aut
1748 1376 1872 1432 arte
1900 1368 2134 1432 valeret.
2192 1368 2505 1432 Assentior
2542 1368 2737 1451 itaque
2765 1368 2828 1432 in

466 1472 812 1537 universum
854 1474 959 1550 iis,
1004 1474 1105 1557 qui
1146 1485 1346 1557 partes
1384 1474 1529 1538 istas
1570 1471 1908 1554 inaequales
1937 1480 1998 1536 et
2026 1471 2178 1536 male
2207 1472 2573 1555 compositas
2613 1473 2829 1537 discri-

468 1576 701 1641 minare
725 1578 988 1660 aggressi
1019 1587 1179 1654 sunt,
1213 1580 1574 1661 quamquam
1604 1576 1719 1639 hos
1757 1576 1928 1660 ipsos
1959 1594 2072 1640 nec
2100 1575 2175 1640 de
2203 1594 2456 1641 numero
2484 1595 2690 1640 earum
2718 1595 2830 1640 nec

469 1682 545 1746 de
576 1681 752 1746 unius
795 1681 1086 1765 cuiusque
1122 1682 1350 1746 ambitu
1389 1679 1729 1745 definiendo
1761 1679 1936 1762 plane
1974 1679 2133 1744 inter
2159 1699 2226 1744 se
2265 1681 2601 1745 consentire
2631 1680 2825 1744 video.

467 1785 620 1849 Nam
651 1784 766 1861 alii,
793 1794 862 1849 ut
890 1785 1261 1850 Twestenius
1287 1789 1376 1865 ¹),
1406 1785 1507 1869 qui
1536 1785 1714 1849 huius
1746 1783 2076 1849 subtilioris
2115 1785 2517 1868 inquisitionis
2546 1784 2827 1868 princeps

466 1889 608 1964 fuit,
648 1888 911 1972 quinque
938 1898 1136 1973 partes
1168 1889 1446 1965 maiores,
1480 1890 1632 1953 duas
1662 1888 1927 1952 minores
1957 1887 2343 1972 distinguunt,
2376 1890 2493 1967 alii',
2524 1897 2591 1954 ut
2620 1886 2829 1951 Goett-

468 1992 686 2074 lingius
707 1994 797 2071 2),
838 1992 1035 2056 editor
1060 1991 1316 2056 Hesiodi
1354 1991 1528 2075 longe
1571 1992 2146 2074 praestantissimus,
2184 2011 2402 2057 novem
2442 2012 2578 2058 esse
2604 1991 2830 2067 volunt,

448 2096 725 2180 ⁴denique
751 2096 1015 2180 Heyerus
1034 2098 1114 2175 ³),
1146 2097 1318 2160 cuius
1342 2090 1465 2159 non
1498 2096 1934 2161 contemnenda
1956 2105 2114 2161 extat
2136 2099 2211 2162 de
2230 2098 2349 2162 hoc
2377 2097 2637 2163 carmine
2657 2112 2830 2159 com-

468 2200 773 2276 mentatio,
804 2199 1067 2283 priorem
1094 2209 1340 2283 partem,
1369 2219 1522 2282 quae
1551 2200 1892 2265 continetur
1917 2221 2008 2266 vr.
2035 2202 2346 2281 11-382,
2375 2223 2480 2268 sex
2499 2199 2827 2285 maioribus

467 2313 529 2370 et
556 2303 857 2369 continuis
887 2303 1180 2388 poematis
1212 2304 1613 2387 compositam
1643 2324 1777 2370 esse
1800 2307 2023 2382 stamit,
2054 2307 2129 2370 de
2151 2307 2330 2371 altera
2358 2318 2545 2392 parte,
2575 2326 2608 2370 a
2629 2325 2684 2369 v.
2703 2301 2829 2368 382

467 2409 544 2474 ad
575 2408 916 2487 828,1111111
952 2408 1125 2485 dixit3
1164 2408 1420 2474 dubitari
1454 2416 1654 2474 tamen
1693 2426 1820 2475 non
1867 2419 2096 2493 potest,
2140 2411 2285 2495 quin
2323 2411 2502 2477 buius
2547 2416 2831 2494 quattuor

426 2531 433 2540 ·
466 2513 783 2579 minimum
804 2513 1120 2597 particulas
1145 2512 1533 2577 distinctums
1559 2514 1753 2579 fuerit.
1803 2515 2095 2598 Equidem
2118 2535 2322 2581 meum
2342 2518 2454 2580 hac
2474 2516 2549 2579 de
2578 2534 2644 2578 re
2671 2512 2827 2577 iudi-

470 2597 629 2684 cium
660 2635 823 2682 nunc
849 2616 1230 2699 interponere
1258 2617 1430 2693 nolo;
1468 2618 1572 2681 sed
1605 2634 1794 2682 unum
1825 2630 2063 2702 tangam
2093 2620 2158 2683 in
2188 2619 2526 2702 Goettlingii
2557 2618 2825 2701 disputa-

470 2724 659 2800 tione,
689 2723 849 2807 quod
881 2721 1029 2785 mihi
1057 2720 1263 2785 minus
1299 2730 1460 2785 recte
1488 2741 1523 2784 a
1553 2721 1678 2785 viro
1720 2721 2072 2786 doctissimo
2111 2722 2376 2806 positum
2417 2742 2552 2787 esse
2578 2721 2824 2785 videtur.

470 2827 627 2891 Nam
669 2824 994 2891 sententiae
1035 2844 1179 2889 suae
1223 2824 1297 2888 de
1341 2823 1589 2888 diversis
1636 2823 1778 2888 olim
1809 2825 2173 2890 carminibus
2203 2827 2538 2909 posteriore
2581 2826 2825 2889 demum

472 2939 746 3013 tempore
795 2929 858 2992 in
894 2929 1019 2992 boc
1061 2946 1283 3011 corpus
1335 2928 1609 2992 conflatis
1657 2928 1879 3012 aliquid
1929 2929 2210 3012 praesidii
2251 2930 2425 2994 etiam
2469 2931 2612 2994 hinc
2660 2928 2823 3012 petit,

470 3035 632 3117 quod
668 3032 991 3098 nonnullae
1028 3039 1230 3114 partes
1267 3031 1393 3095 suis
1441 3031 1838 3114 peculiaribus
1886 3033 2068 3098 titulis
2108 3035 2390 3117 appellari
2431 3035 2638 3099 solitae
2675 3034 2824 3098 sint:

403 3153 435 3206 5
472 3130 848 3223 Πανδώραν
888 3136 1047 3200 enim
1073 3134 1179 3198 ‘vel
1206 3128 1582 3219 πιθοιγίαν
1624 3155 1755 3200 eam
1793 3146 2054 3220 partem,
2096 3158 2247 3222 quae
2284 3139 2361 3203 sit
2402 3158 2435 3203 a
2472 3159 2525 3203 r.
2557 3138 2641 3201 47
2682 3141 2821 3221 (po-

474 3234 597 3306 tius⁸
622 3240 732 3320 42)
775 3242 852 3306 ad
890 3260 959 3304 ν.
984 3240 1134 3316 105,
1173 3230 1717 3323 Δαιμονολογίαν
1758 3259 1918 3318 eam,
1959 3261 2109 3324 quae
2140 3243 2218 3307 sit
2246 3263 2299 3307 a.
2328 3263 2382 3307 v.
2418 3242 2541 3308 109
2570 3243 2645 3307 ad
2674 3241 2822 3318 201,

466 3344 861 3428 aliquoties
892 3363 926 3408 a
955 3343 1448 3427 grammaticis
1479 3340 1624 3408 dici
1654 3344 1761 3420 ait,
1790 3341 2037 3408 ubinam
2067 3355 2266 3411 autem
2297 3355 2356 3411 et
2384 3368 2417 3412 a
2448 3347 2819 3431 quibusnam,

468 3450 731 3515 indicare
760 3448 1116 3533 supersedit.
1176 3447 1313 3511 Non
1343 3447 1618 3531 equidem
1649 3447 1796 3512 adeo
1830 3457 1932 3512 aut
1967 3449 2220 3514 lectione
2248 3470 2378 3515 mea
2409 3460 2511 3515 aut
2538 3449 2823 3515 memoria

466 3556 677 3619 fretus.
704 3572 873 3630 sum,
916 3559 986 3616 ut
1009 3551 1160 3615 nibil
1195 3570 1293 3614 me
1333 3551 1490 3634 apud
1532 3553 1954 3634 grammaticos
1994 3562 2100 3618 aut
2132 3573 2260 3618 non
2295 3555 2516 3637 legisse
2562 3563 2669 3621 aut
2697 3570 2822 3618 non

467 3657 720 3723 oblitum
748 3676 884 3721 esse
914 3656 1181 3732 credam;
1209 3674 1421 3719 eorum
1450 3664 1847 3739 tamem-quae
1876 3657 1948 3720 ad
1979 3657 2310 3723 Hesiodum
2336 3661 2660 3743 pertinent,
2696 3675 2822 3722 non

465 3761 649 3827 nimis
670 3761 851 3825 multa
873 3780 973 3824 me
1001 3759 1241 3922 fugisse
1248 3757 1523 3823 arbitror.
1583 3759 1704 3823 Sed
1661 3753 2498 3918 bdoetpaoroloyt'ocgnomen
2520 3762 2619 3846 qui
2639 3779 2820 3827 usur-

470 3993 607 4174 ¹1
610 4034 679 4108 1)
694 4007 973 4088 comment.
1006 4007 1124 4088 crit.
1150 4023 1213 4087 de
1236 4031 1358 4086 Hesi
1362 3993 1446 4086 odi
1479 4032 1670 4132 carmin
1639 4049 1702 4086 ue
1739 4030 1873 4103 quod
1906 4030 2205 4088 inscribitur
2175 4033 2406 4106 ropera
2437 4043 2494 4088 et
2525 4032 2666 4088 Dies.
2715 4025 2817 4086 Ru.
3011 4035 3062 4102 ‚l

471 4119 534 4175 18
572 4122 621 4175 5.
645 4138 696 4191 p.
720 4119 805 4173 64.

506 4227 513 4232 ’
606 4226 657 4294 2)
694 4224 1148 4281 vuarattune-i
1149 4223 1335 4277 od.ed.
1364 4219 1414 4275 2.
1438 4238 1488 4291 p.
1509 4217 1737 4277 XXXV.
1765 4233 1874 4315 sqq.

488 4315 532 4342 '¹'
608 4328 660 4396 3)
698 4326 1006 4383 Dellesiodi
1029 4344 1183 4382 caru.
1209 4327 1342 4399 quod
1367 4327 1464 4399 Op.
1490 4326 1629 4382 etl).
1652 4327 2201 4386 inscribitureommen
2170 4331 2339 4402 ugia
2363 4347 2538 4402 progr.
2561 4324 2810 4403 gymnasii

471 4415 936 4472 Suerinensisanu.
967 4411 1116 4469 1848.
1140 4432 1192 4485 p.
1217 4415 1266 4468 9.
