3102 4866
1591 307 1672 375 18

447 500 706 586 benigne
741 483 1049 587 acceptum
1088 501 1361 586 partique
1398 499 1645 565 ditionis
1683 500 2094 584 praepositum
2110 548 2128 576 ,
2179 499 2389 565 Achilli
2425 508 2623 566 autern
2660 500 2809 566 olim

448 608 798 692 magistrum
827 616 1004 692 atque
1035 605 1367 697 custodem,
1391 624 1553 683 mox,
1581 624 1766 688 quum
1797 606 1853 668 is
1881 604 1957 669 ad
1985 603 2208 669 bellum
2234 604 2585 681 mitteretur,
2614 607 2809 671 comi*

446 721 577 778 tan
598 713 885 778 additum.
944 711 1425 776 Consentaneum
1454 720 1553 773 est
1575 708 1776 792 igitur,
1807 718 1874 775 ut
1902 709 2080 775 etiam
2108 707 2547 774 contubernalis
2568 710 2810 776 Achillis

439 818 519 883 in
548 817 774 882 ’castris
812 815 1000 881 fuisse
1039 815 1331 881 credatur.
1420 813 1601 898 Atqui
1639 832 1805 879 nunc
1843 822 2045 880 tamen
2081 832 2210 879 non
2251 813 2343 880 sic
2389 833 2524 878 esse
2558 814 2810 880 videtur.

445 921 600 986 Nam
630 920 878 1004 optione
904 921 960 986 ei
987 921 1123 986 data
1152 920 1228 985 ab
1257 919 1509 996 Achille,
1548 927 1755 1004 utrum
1784 918 1946 984 abire
1976 938 2183 985 secum
2211 919 2274 983 in
2303 919 2572 1002 patriam,
2602 937 2679 984 an
2705 939 2810 985 re-
2862 907 2875 915 ’

445 1026 690 1090 manere
715 1026 881 1110 apud
905 1026 1225 1091 exerdtuin
1254 1024 1451 1100 malit,
1490 1042 1679 1107 quum
1707 1043 1775 1089 se
1802 1024 2209 1089 discessurum
2237 1023 2314 1088 ab
2344 1023 2588 1089 alumno
2627 1025 2810 1090 dilec-
2891 1022 2905 1033 ’

443 1129 687 1195 auimo
724 1113 1027 1214 nudasset,
1065 1131 1284 1196 lectum
1321 1129 1376 1192 ei
1414 1127 1575 1211 apua
1603 1128 1886 1193 Achillem
1916 1127 2225 1193 Patroclus
2255 1137 2525 1193 sternere
2551 1129 2811 1207 iubetur,

445 1234 617 1317 quasi
644 1245 822 1300 antea
850 1234 986 1299 alibi
1016 1235 1234 1299 cubare
1261 1231 1471 1297 solitus
1505 1232 1697 1297 tuerit.
1785 1231 1943 1310 Quid
1973 1230 2194 1315 igitur?
2278 1233 2629 1299 Deseruitne
2656 1253 2810 1300 con-

445 1337 787 1403 tubernium
816 1337 1061 1415 alumni,
1089 1337 1250 1421 quod
1274 1337 1423 1401 iram
1445 1336 1575 1401 eius
1607 1335 1991 1420 improbaret,
2021 1336 2313 1420 aliamque
2343 1337 2458 1403 sibi
2488 1340 2809 1404 stationem

444 1442 607 1527 cepit
638 1443 795 1507 inter
821 1441 1048 1506 amicos
1084 1440 1578 1524 Agamemnonis,
1612 1441 1970 1524 quibuscum
2004 1458 2169 1506 nunc
2203 1442 2268 1505 in
2307 1441 2556 1506 consilio
2595 1440 2810 1507 adest?

444 1546 548 1612 Sic
566 1548 837 1631 profecto
859 1546 1241 1612 statuendum
1274 1545 1411 1623 erit;
1443 1546 1553 1610 sed
1576 1545 1930 1611 mirabimur
1957 1555 2157 1610 tamen
2186 1545 2549 1611 reticentiam
2571 1556 2807 1629 poetae,

443 1651 507 1717 id
545 1651 722 1717 nobis
763 1650 1147 1716 divinandum
1184 1650 1591 1734 relinquentis.
1681 1649 1833 1715 Nam
1848 1688 1856 1697 ·
1873 1668 1999 1715 non
2032 1659 2191 1715 certe
2227 1659 2351 1716 tam
2377 1650 2520 1715 levis
2549 1642 2649 1715 res
2676 1649 2807 1727 fuit,

443 1764 549 1820 aut
580 1765 707 1822 tam
745 1755 879 1838 ipsa
907 1774 1019 1838 per
1056 1775 1125 1832 se
1164 1755 1239 1820 ad
1283 1754 1727 1838 intelligendum
1766 1763 1997 1838 aperta,
2032 1765 2102 1819 ut
2128 1774 2207 1820 ne
2233 1755 2539 1821 mentione
2567 1753 2806 1839 quidem

444 1859 624 1942 digna
648 1859 972 1935 videretur3
1011 1867 1071 1924 et
1107 1859 1217 1923 alia
1254 1859 1433 1942 longe
1469 1870 1571 1924 aut
1605 1858 1826 1923 leviora
1848 1867 1955 1942 'aut
1981 1860 2298 1942 apertioris
2334 1878 2461 1925 non
2488 1869 2688 1924 tamen
2717 1859 2807 1923 sic

444 1962 646 2028 solent
671 1964 906 2029 silentio
936 1963 1352 2047 praetermitti,
1389 1963 1495 2027 sed
1527 1963 1805 2028 disertius
1835 1982 1963 2028 non
2000 1983 2138 2028 raro
2169 1983 2239 2029 ac
2272 1963 2584 2029 verbosius
2625 1982 2805 2047 quam

381 2084 391 2125 ς
444 2086 603 2153 opus
631 2075 759 2133 erat
785 2067 1026 2151 exponi.
1086 2067 1331 2131 Videtur
1357 2086 1498 2149 ergo
1523 2067 1626 2151 qui
1647 2068 1804 2132 banc
1829 2068 2222 2151 rhapsodiam
2250 2068 2326 2132 de
2345 2068 2608 2153 Λιταῖς
2633 2086 2805 2132 com-

442 2172 647 2255 posuit
684 2171 1005 2236 Phoenicis
1032 2176 1382 2254 'personam
1431 2172 1647 2254 partim
1687 2193 1761 2237 ex
1797 2173 1929 2256 ipsa
1977 2172 2179 2248 iliade,
2229 2171 2390 2249 xvi,
2436 2172 2578 2238 196.
2631 2171 2807 2247 xvn,

444 2276 593 2341 561.
630 2276 785 2353 xlx,
815 2275 960 2353 311,
990 2275 1209 2358 partim
1233 2275 1469 2341 aliunde
1505 2275 1618 2341 sibi
1645 2288 1868 2354 notam,
1895 2288 1964 2342 ut
1987 2278 2150 2342 senis
2172 2278 2506 2360 veterisque
2535 2277 2804 2360 magistri

441 2379 713 2458 Achillis,
758 2398 922 2445 nunc
958 2380 1021 2444 in
1066 2380 1181 2445 bac
1216 2378 1507 2463 legatione
1545 2390 1863 2464 propterea
1897 2382 2268 2461 adhibuisse,
2315 2382 2477 2467 quod
2516 2399 2644 2446 eam
2686 2399 2801 2446 suo

441 2484 693 2549 consilio
733 2485 1050 2568 praecipue
1087 2493 1288 2567 aptam
1325 2485 1574 2561 videret,
1616 2485 1793 2568 idque
1834 2505 2020 2551 unum
2050 2495 2331 2570 spectans
2359 2486 2504 2551 illud
2532 2486 2802 2562 alterum,

439 2596 509 2653 ut
547 2588 675 2653 eins
715 2588 788 2653 ab
829 2589 1072 2654 alumno
1112 2589 1360 2671 eiusque
1397 2588 1787 2654 contubernio
1827 2590 2258 2656 discessionem
2300 2590 2639 2674 explicaret,
2690 2608 2802 2654 ne-

439 2691 710 2775 glexisse'.
797 2692 908 2756 Est
943 2702 1141 2757 autem
1182 2693 1300 2757 hoc
1338 2692 1542 2775 ipsum
1581 2692 1904 2771 eiusmodi,
1943 2695 2106 2778 quod
2147 2695 2374 2760 facilius
2413 2693 2593 2760 huius
2621 2695 2802 2758 unius

439 2797 635 2881 partis
674 2815 852 2879 quam
890 2797 1076 2860 totius
1115 2796 1394 2861 carminis
1432 2788 1664 2878 poetae
1687 2797 1952 2862 accidere
1990 2800 2266 2882 potuisse
2292 2797 2531 2864 credas:
2570 2806 2630 2862 et
2657 2807 2804 2862 sunt
2869 2785 2876 2790 ⁹

436 2900 617 2965 etiam
654 2899 765 2964 alia
800 2908 1173 2983 argumenta,
1211 2919 1362 2982 quae
1401 2901 1559 2965 hanc
1585 2897 1828 2965 Λιτῶν
1868 2902 2256 2985 rhapsodiam
2287 2913 2624 2986 suspectam
2655 2903 2801 2967 red-

439 3004 613 3081 dant,
652 3003 729 3069 de
778 3004 995 3088 quibus
1035 3003 1319 3088 quoniam
1358 3005 1502 3069 satis
1542 3004 1617 3069 ab
1655 3004 1789 3070 aliis
1829 3006 2171 3089 expositum
2211 3017 2331 3085 est,
2385 3025 2578 3091 neque
2617 3026 2686 3072 ea
2725 3006 2799 3071 ad

436 3111 639 3173 me'um
667 3108 1049 3193 propositum
1078 3107 1395 3193 pertinent,
1426 3109 1625 3174 dicere
1653 3109 1813 3173 nolo.
2286 3158 2297 3169 .

606 3213 693 3277 De
733 3213 1013 3296 proximo
1060 3213 1239 3290 libro,
1292 3213 1394 3297 qui
1439 3213 1691 3277 Dolonia
1743 3213 2117 3291 inscribitur,
2179 3223 2417 3280 constat
2465 3234 2629 3282 nunc
2678 3219 2802 3282 iere

436 3316 595 3382 inter
609 3317 773 3381 viros
802 3317 1209 3395 doctissimos,
1236 3334 1364 3381 non
1393 3318 1794 3400 spernendam
1823 3337 1960 3383 esse
1987 3327 2256 3384 veterum
2286 3320 2628 3386 criticorum
2657 3341 2801 3387 auc-

340 3429 404 3482 16
436 3421 768 3497 toritatem,
808 3421 911 3504 qui
937 3441 1075 3486 eum
1107 3421 1180 3486 ab
1212 3421 1393 3486 Iliade
1432 3421 1689 3487 alienum
1720 3431 1778 3486 et
1806 3442 1840 3486 a
1868 3422 2164 3489 Pisistrati
2193 3407 2436 3489 demum
2466 3426 2672 3491 amicis
2703 3426 2801 3490 in-

436 3523 675 3589 sei-m
704 3543 843 3590 esse
878 3526 1269 3591 tradiderunt.
1377 3525 1454 3589 Et
1491 3534 1634 3589 sumt
1676 3545 1820 3592 sane
1856 3527 2160 3593 reiiciendi
2205 3529 2382 3595 hm‘us
2421 3529 2555 3595 libri
2589 3548 2801 3594 causae

436 3628 582 3692 satis
627 3646 867 3709 graves·
906 3649 1023 3695 una
1060 3641 1263 3694 tamen
1300 3629 1495 3712 paullo
1535 3630 1721 3694 levior
1749 3631 1926 3707 baec,
1955 3633 2146 3715 quod,
2186 3635 2288 3717 qui
2328 3634 2404 3698 ad
2441 3633 2800 3718 exploranda

400 3726 700 3797 Ἰιοαίιιιιι
742 3732 986 3798 consilia
1026 3733 1200 3798 missi
1231 3743 1423 3810 erant,
1462 3733 1661 3798 Ulixes
1700 3743 1760 3797 et
1797 3735 2145 3813 Diomedes,
2185 3757 2372 3821 quum
2423 3747 2802 3803 revertuntur

432 3836 511 3901 ad
540 3855 710 3913 suos,
740 3837 888 3902 nihil
914 3856 1167 3921 prorsus
1206 3836 1280 3901 de
1309 3837 1716 3920 exploratione
1752 3857 1859 3903 sua
1887 3841 2251 3906 renuntiant.
2339 3842 2495 3908 Nam
2532 3843 2681 3908 nibil
2717 3842 2801 3906 illi

433 3942 909 4023 exploraverant,
952 3941 1113 4025 quod
1152 3941 1477 4007 renuntiari
1505 3960 1751 4006 necesse
1778 3953 1964 4021 esset3
2003 3944 2182 4029 idque
2208 3966 2395 4030 quum
2424 3967 2498 4011 ex
2527 3947 2799 4011 universa

432 4046 775 4110 narratione
801 4046 946 4111 satis
975 4046 1359 4110 manifestum
1389 4047 1519 4120 fiat,
1551 4047 1727 4111 etiam
1758 4047 1996 4113 disertis
2025 4050 2218 4114 verbis
2248 4070 2283 4115 a
2311 4062 2490 4135 poeta
2528 4070 2801 4116 comme-

432 4151 659 4215 morari
693 4169 822 4216 non
865 4168 1020 4234 opus
1058 4159 1200 4214 erat,
1301 4149 1713 4226 Quamobrem
1749 4151 1906 4218 hanc
1942 4173 2054 4237 ego
2093 4156 2462 4220 reticentiam
2505 4173 2634 4220 non
2670 4155 2798 4220 cul-

430 4255 691 4337 pandam
721 4275 859 4320 esse
885 4253 1159 4318 arbitror.

603 4357 672 4421 In
708 4357 861 4422 libro
901 4358 1218 4421 undecimo
1258 4352 1822 4440 Agamemnonem„
1851 4362 1954 4444 qui
1992 4364 2190 4446 paullo
2230 4372 2367 4427 ante
2405 4372 2528 4429 tam
2568 4364 2796 4429 abiecto
