3102 4866
1340 351 1469 434 8⁷3

228 550 290 615 in
321 544 728 612 mandendo
769 507 1010 629 quidun
1056 544 1268 609 dentes
1306 562 1422 628 pro
1461 544 1866 611 instrumento
1896 544 2052 623 sint,
2080 543 2590 611 euteuumdomm

228 659 331 718 aut
357 661 418 715 et
444 647 864 714 molendorum
895 646 1170 713 ciborum
1202 648 1404 713 officio
1445 648 1616 714 aliter
1652 649 1993 733 fungantur.
2081 649 2281 715 Unum
2309 648 2425 714 hac
2443 667 2593 733 per-

94 831 101 837 ,
226 755 503 820 versitate
554 754 852 819 offensum
892 770 1031 817 esse
1068 750 1349 829 memini,
1392 750 1692 818 Raudium
1743 753 1818 819 ad
1854 754 2185 839 Wopkens.
2215 754 2405 820 Lectt.
2435 752 2608 819 'rou
2706 805 2714 810 .

226 882 287 946 p.
319 859 470 938 386,
501 858 604 943 qui
632 856 890 950 proinde
911 856 1089 922 etiam
1118 855 1195 921 de
1220 855 1557 940 integritate
1583 857 1699 922 loci
1729 856 2034 924 dubitarit.
2122 858 2372 938 „Nam”
2399 858 2596 943 iuquit

146 980 209 994 ··
229 963 507 1056 „etj‘amsi
529 962 613 1028 ab
635 961 751 1026 bis
779 960 1142 1045 explicemus
1171 959 1255 1025 ab
1282 959 1574 1040 iisdem,
1599 969 1801 1027 tamen
1827 980 1937 1028 cur
1963 963 2044 1028 ita
2066 963 2300 1030 dicatur
2326 982 2454 1029 non
2477 983 2594 1049 pa-

228 1067 388 1147 tet“;
435 1068 557 1132 hoc
604 1073 724 1143 est,
763 1063 1011 1149 opinor,
1048 1063 1281 1129 etiamsi
1318 1063 1405 1129 ab
1442 1064 1562 1131 bis
1601 1066 1924 1151 accipiatur
1957 1068 2034 1132 de
2074 1066 2355 1133 dentibus
2391 1065 2617 1174 paullo·
2695 1108 2703 1115 -

229 1181 365 1240 ante
393 1167 738 1247 nominatis,
767 1178 973 1235 umen
1001 1166 1160 1233 nulla
1187 1167 1342 1233 ratio
1356 1169 1628 1253 exputari
1655 1178 1874 1253 potest,
1905 1190 2015 1237 cur
2030 1171 2253 1237 borum
2280 1170 2591 1236 notionem

226 1276 434 1342 Cicero
470 1273 591 1338 boc
624 1272 760 1338 loco
797 1273 1182 1357 repetendam
1222 1273 1548 1352 censuerit,
1591 1273 1682 1338 sic
1718 1274 2102 1357 praesertim,
2122 1283 2199 1341 ut
2226 1275 2436 1340 dentes
2464 1292 2593 1340 uon

225 1382 347 1446 iam
396 1397 509 1464 pro
560 1378 991 1455 instrumento,
1042 1376 1149 1442 sed
1199 1395 1314 1460 pro
1365 1377 1748 1443 effectoribus
1784 1377 2041 1443 habendi
2080 1398 2217 1444 esse
2251 1378 2592 1444 videantur.

226 1504 369 1552 nam
396 1484 555 1549 banc
581 1501 717 1548 esse
752 1481 935 1547 huius
966 1488 1299 1546 structurae
1334 1482 1716 1565 passivorum
1757 1502 1896 1549 cum
1925 1482 2375 1568 praepositione
2399 1480 2592 1566 signi-

226 1589 561 1655 ficationem
599 1585 802 1670 paullo
842 1593 980 1650 ante
1006 1584 1379 1652 monuimus.
1466 1586 1732 1671 Apparet
1778 1587 1962 1671 igitur
1995 1588 2196 1653 locum
2235 1590 2589 1670 corruptum

227 1712 392 1760 esse:
436 1690 633 1758 sanari
670 1699 869 1756 autem
908 1689 1107 1774 potuit
1141 1689 1438 1755 medicina
1492 1691 1768 1757 omnium
1818 1690 2155 1770 lenissima,
2190 1690 2419 1757 voculis
2457 1690 2592 1757 istis

225 1817 340 1863 suo
369 1796 505 1862 loco
534 1794 844 1880 repositis,
885 1794 1393 1878 quemadmodum
1430 1793 1494 1859 ιιι
1532 1813 1667 1860 mea
1706 1794 1968 1861 editione
1993 1796 2213 1861 factum
2243 1803 2367 1860 estt
2399 1793 2592 1861 Den-

224 1901 425 1967 tibus
456 1908 690 1966 autem
718 1899 792 1965 in
824 1917 951 1964 ore
980 1897 1432 1964 constructis
1470 1899 1850 1965 manditur
1879 1898 1963 1964 ab
1989 1898 2117 1964 'bis
2146 1907 2362 1985 atque
2389 1904 2592 1966 exte*

222 2014 497 2071 nuatur
545 2012 617 2071 et
651 2002 956 2069 molitur
993 2001 1216 2067 cibus.
1304 2001 1571 2067 Correcti
1599 2002 1664 2068 ιιι
1689 2002 1856 2068 bunc
1880 2003 2133 2069 modum
2161 2003 2279 2070 ioci
2307 2013 2430 2071 tam
2457 2004 2592 2089 pla·

224 2129 367 2175 nam
396 2116 760 2175 structuram
789 2114 1029 2195 tamque
1056 2106 1288 2172 facilem
1304 2105 1664 2171 intellectum
1681 2108 1818 2172 rore
1838 2108 2077 2186 credidi,
2104 2116 2177 2172 ut
2197 2109 2446 2175 haerere
2471 2108 2589 2173 iam
2677 2135 2684 2140 ·

227 2233 410 2279 nemo
452 2220 685 2298 posset.
776 2211 897 2277 Sed
928 2221 1164 2296 praeter
1192 2211 1663 2297 expectationem
1692 2229 1792 2276 res
1823 2211 2050 2277 oecidit.
2115 2211 2592 2287 monins-certe,

228 2320 417 2403 praef.
452 2338 512 2403 p.
540 2316 683 2392 XX,
722 2315 879 2382 banc
896 2311 1232 2382 ‘verborum
1265 2316 1722 2381 collocationem
1760 2314 1963 2381 minus
2001 2316 2180 2382 etiam
2220 2334 2400 2401 quam
2437 2335 2591 2393 eam,

228 2444 379 2508 quae
406 2423 470 2489 in
498 2421 666 2488 libris
697 2429 806 2498 est,
836 2421 947 2487 sibi
978 2421 1210 2507 placere
1238 2407 1733 2507 profitetur3‘quo
1766 2428 1964 2487 autem
1994 2421 2180 2486 modo
2208 2421 2383 2499 banc,
2411 2440 2620 2509 (ιιιιιιιμ

226 2529 502 2612 praefert,
532 2526 963 2593 defendendam
987 2534 1089 2592 aut
1127 2527 1522 2592 excusandam
1564 2534 1763 2611 putet,
1793 2526 2008 2609 quidve
2034 2527 2098 2592 in
2126 2525 2224 2592 illa
2252 2526 2432 2591 altera
2457 2525 2591 2591 dis-
2654 2592 2661 2599 ,

226 2633 468 2718 pliceat,
507 2650 634 2697 non
680 2632 994 2715 expromit-
1082 2632 1171 2695 Ac
1210 2631 1284 2696 de
1322 2632 1592 2715 vulgatae
1631 2630 1870 2716 quidem
1909 2630 2178 2697 lectionis
2205 2630 2594 2719 perversitate

226 2738 373 2804 satis
402 2738 626 2802 dictum
656 2754 793 2801 esse
812 2735 1097 2800 arbitror:
1138 2754 1333 2800 meam
1375 2744 1572 2801 autem
1605 2734 1930 2826 *lectionem
1968 2734 2297 2819 improbari
2323 2752 2452 2800 non
2481 2735 2592 2799 alia

226 2843 455 2909 ratione
502 2859 692 2925 posse
728 2839 930 2917 video,
970 2857 1147 2924 quam
1192 2840 1246 2904 si
1286 2839 1422 2924 quis
1453 2839 1740 2905 ablativos
1782 2837 2489 2917 absolutos‚‘dentibus
2517 2839 2592 2903 in

227 2967 353 3014 ore
404 2943 885 3023 constructis,
936 2945 1025 3009 sic
1051 2944 1348 3028 praemitti
1379 2945 1656 3030 potuisse
1684 2953 1860 3027 neget
1885 2943 1961 3009 ad
1999 2943 2422 3027 designandam
2461 2962 2590 3009 rem

227 3051 476 3117 eandem
493 3099 510 3128 ,
571 3068 721 3133 quae
777 3067 920 3114 mox
980 3050 1195 3114 iterum
1266 3049 1635 3134 designanda
1691 3055 1872 3112 esset.
1983 3046 2278 3113 Vetabuut
2337 3038 2593 3114 fortasse

226 3157 347 3221 hoc
401 3154 655 3219 triviales
708 3154 1104 3237 grammatici,
1162 3154 1611 3238 discipulosque
1679 3170 1828 3217 suos
1887 3151 1988 3216 tali
2051 3160 2351 3218 structura
2398 3152 2591 3218 absti-

224 3278 369 3324 nere
417 3258 732 3323 iubebunt:
791 3267 1051 3324 ceterum
1115 3257 1272 3340 apud
1335 3267 1563 3322 veteres
1614 3255 1942 3339 scriptores
1980 3273 2106 3321 non
2146 3267 2305 3321 certe
2328 3256 2592 3322 inaudita

227 3371 372 3429 sunt
398 3362 576 3428 buius
606 3364 840 3446 generis
870 3362 1155 3445 exempla.
1215 3362 1389 3426 Velut
1426 3359 1586 3444 apud
1620 3359 1849 3425 Livium
1894 3359 2142 3438 XXXII,
2183 3360 2296 3427 38:
2335 3360 2594 3427 Paucis

224 3466 685 3552 principibus
738 3467 1015 3551 elapsis
1066 3485 1310 3530 eorum
1363 3465 1780 3531 absentium
1840 3463 2171 3548 direptae
2218 3467 2591 3545 fortunae,

226 3591 340 3657 pro
370 3591 477 3648 eo,
506 3572 666 3656 quod
697 3571 1066 3654 grammatici
1096 3570 1196 3635 isti
1225 3570 1543 3635 dicendum
1587 3570 1774 3635 fuisse
1808 3577 2148 3635 autumant:
2185 3589 2591 3654 paucorum

223 3675 637 3760 principum
668 3674 1394 3759 elapsurum—Caes.
1424 3674 1493 3740 B.
1524 3674 1596 3739 G.
1626 3674 1724 3752 m,
1758 3674 1856 3753 14,
1885 3675 1957 3739 4:
1989 3675 2322 3742 turribus
2351 3686 2589 3743 autem
2623 3692 2660 3747 o

227 3778 568 3846 excitatis
604 3788 842 3846 tamen
881 3780 1010 3846 bas
1051 3780 1328 3846 alitudo
1356 3780 1712 3864 puppium
1744 3779 2165 3864 superabat,
2192 3798 2322 3847 non
2349 3788 2596 3847 turres

224 3872 580 3949 excitatas
627 3918 734 3949 —-.
821 3884 1020 3974 ld.V,
1074 3887 1145 3963 4,
1196 3883 1267 3951 3:
1327 3883 1808 3970 Principibus
1859 3883 2330 3967 Trevirorum
2383 3884 2471 3951 ad
2515 3904 2597 3950 se

223 3987 646 4053 convocatis
694 3988 829 4054 bos
877 3990 1306 4073 singillatim
1353 3987 1942 4072 Vercingetorigi
2004 3988 2463 4067 conciliavit,
2512 3989 2592 4054 ib.

223 4112 276 4158 c.
308 4096 426 4169 44,
468 4093 539 4157 6:
573 4112 717 4177 quo
759 4112 1109 4178 percusso
1140 4102 1209 4158 et
1236 4092 1647 4159 exanimato
1679 4092 1871 4156 hunc
1900 4095 2134 4159 scutis
2163 4102 2592 4179 protegunt.
2691 4158 2694 4163 .

222 4197 416 4262 Etiam
448 4195 569 4267 vn,
605 4198 675 4274 4,
713 4198 741 4260 1
777 4197 897 4261 huc
923 4198 1206 4281 pertinet:
1247 4195 1681 4263 convocatis
1729 4196 1885 4273 suis
1925 4196 2319 4264 clientibus
2370 4201 2594 4275 facile

226 4299 591 4379 incendit,
618 4301 760 4367 licet
786 4301 865 4366 ibi
895 4320 1234 4385 pronomen
1263 4322 1418 4380 eos,
1445 4302 1519 4367 ad
1549 4299 1927 4384 repetendam
1953 4300 2257 4369 clientium
2287 4305 2598 4371 notionan

231 4414 368 4469 ante
395 4404 642 4471 verbum
675 4405 1010 4472 incendit
1039 4407 1101 4471 in
1132 4406 1356 4490 aliquot
1380 4404 1549 4472 libris
1588 4404 1924 4483 inventum,
1949 4406 2278 4495 ‚meliorum
2321 4409 2594 4476 codicum
