3102 4866
368 1505 533 1613 ‚DE
577 1504 1008 1600 VETERUM
1056 1500 1608 1599 cnmcomm
1662 1502 1926 1599 nous
1971 1503 2102 1598 AD
2151 1502 2525 1627 flsssmm

1093 1663 1393 1761 OPERA
1440 1666 1556 1760 ET
1600 1665 1828 1762 DIES„
2473 1662 2480 1667 ·

452 1954 546 2038 De
576 1973 839 2037 cannino
866 1972 1187 2049 Hesiodeo..
1215 1971 1378 2054 quod
1402 1970 1600 2054 Opera
1628 1980 1687 2034 et
1715 1969 1851 2036 Dies
1880 1969 2245 2046 inscribitur,
2277 1988 2456 2052 quam
2479 1968 2637 2035 varia
2673 1982 2707 2037 3

280 2097 350 2142 ac
377 2077 609 2141 diversa
648 2076 775 2148 sint
812 2076 1304 2141 doctissimorum
1335 2076 1600 2139 virorum
1640 2075 1854 2139 iudicia
1891 2075 2191 2140 neminem
2222 2073 2373 2155 rugit
2395 2073 2642 2138 medio-

280 2180 458 2246 criter
480 2181 667 2268 modo
690 2181 755 2244 in
776 2180 895 2245 hoc
916 2182 1238 2245 litterarum
1258 2197 1479 2261 genere
1495 2188 1816 2243 versatum.
1882 2179 2039 2243 Sunt
2059 2176 2241 2254 enim,
2268 2177 2370 2260 qui
2384 2178 2642 2243 formam

278 2286 407 2350 eius
436 2295 497 2349 et
526 2285 1052 2367 compositionem,
1083 2284 1134 2349 si
1162 2284 1364 2347 minus
1404 2282 1681 2347 laudibus
1711 2283 2009 2358 extollant,
2038 2291 2095 2347 at
2124 2289 2283 2346 certe
2313 2281 2462 2347 satis
2491 2301 2641 2365 pro·

273 2387 532 2455 habilem
560 2408 698 2454 csse
720 2389 1103 2467 contendant,
1132 2389 1196 2454 in
1225 2408 1340 2472 qua
1369 2386 1506 2453 licet
1526 2388 1756 2472 passim
1780 2387 2116 2453 iuncturam
2147 2386 2345 2470 paullo
2369 2385 2642 2470 asperio-

274 2513 403 2559 rem
445 2495 886 2580 transitumque
926 2495 1000 2559 ab
1041 2494 1151 2559 alia
1180 2501 1347 2576 parte
1388 2492 1464 2558 ad
1492 2493 1668 2557 aliam
1709 2492 2114 2576 abruptiorem
2154 2511 2292 2557 esse
2329 2492 2641 2568 fateantur,

275 2608 477 2664 tamen
518 2617 643 2664 non
689 2598 839 2663 adeo
880 2597 1101 2662 mirum
1143 2597 1264 2661 hoc
1306 2595 1488 2660 videri
1530 2615 1719 2681 posse
1757 2605 2070 2661 autumant
2112 2596 2174 2661 iu
2214 2596 2477 2660 carmine
2515 2604 2639 2660 tam

273 2709 509 2768 vetusto
539 2722 725 2785 eaque
747 2711 935 2767 aetate
963 2711 1125 2772 nato,
1152 2720 1303 2784 quae
1330 2700 1473 2784 quid
1496 2700 1762 2783 poeticae
1781 2700 1926 2766 artis
1953 2702 2114 2783 leges
2136 2708 2462 2783 poscerent
2479 2717 2641 2763 non-

272 2808 419 2872 dum
465 2807 613 2872 satis
654 2807 920 2883 calleret3
961 2805 1109 2870 boni
1145 2815 1343 2871 autem
1384 2805 1727 2889 interpretis
1772 2824 1936 2881 esse,
1983 2805 2037 2869 si
2075 2804 2218 2887 quid
2265 2803 2340 2867 ad
2377 2804 2641 2887 partium

270 2920 475 2994 aptam
530 2910 1032 2993 compositionem
1078 2911 1335 2987 deficiat,
1386 2910 1448 2975 id
1495 2918 1731 2973 suamet
1779 2910 1982 2993 ipsum
2035 2908 2298 2972 sollertia
2343 2908 2642 2992 supplere,

272 3034 602 3098 causasque
629 3022 689 3078 et
716 3014 1014 3091 rationes,
1055 3033 1205 3097 quas
1233 3024 1414 3098 poeta
1442 3014 1506 3078 in
1545 3033 1729 3097 opere
1757 3013 2181 3096 componendo
2224 3021 2514 3095 sequutus
2544 3011 2642 3088 sit,

273 3120 560 3203 sagaciter
598 3118 896 3200 indagare.
986 3118 1209 3184 Contra
1250 3119 1344 3183 alii
1396 3129 1598 3203 partes
1636 3117 1880 3201 quidem
1918 3117 2150 3200 aliquot
2180 3116 2441 3180 maiores
2479 3124 2641 3181 recte

274 3209 643 3306 compositas
672 3230 731 3287 et
761 3222 929 3305 quasi
959 3223 1244 3287 confinuo
1276 3223 1376 3286 filo
1407 3223 1692 3286 deductas
1721 3241 1855 3285 esse
1886 3221 2249 3299 concedunt,
2287 3241 2390 3285 eas
2422 3222 2636 3304 impri-

274 3328 420 3404 mis,
460 3345 612 3410 quae
641 3326 717 3390 de
745 3326 1102 3408 agricultura
1128 3336 1190 3391 et
1224 3327 1303 3390 de
1331 3326 1704 3409 navigatione
1732 3327 1923 3408 deque
1949 3325 2179 3390 dierum
2211 3326 2548 3391 faustorum
2573 3337 2639 3391 et

274 3431 671 3496 infaustorum
714 3430 1129 3495 observatione
1164 3429 1560 3515 praecipiunt,
1597 3430 1706 3494 sed
1746 3429 1840 3493 his
1869 3429 2015 3495 alias
2054 3448 2369 3514 perperam
2399 3440 2636 3496 assutas

275 3554 432 3612 esse,
460 3535 625 3599 nullo
656 3533 894 3599 interno
924 3535 1158 3600 vinculo
1189 3542 1292 3599 aut
1317 3534 1472 3599 inter
1507 3554 1577 3599 se
1606 3542 1710 3599 aut
1737 3553 1875 3598 cum
1907 3534 2019 3598 illis
2047 3533 2382 3598 maioribus
2414 3534 2634 3600 cohae-

274 3646 507 3713 rentes,
561 3639 669 3704 sed
706 3640 1016 3704 confusam
1065 3639 1364 3721 quandam
1403 3639 1836 3705 sententiarum
1879 3657 1949 3702 ac
1993 3647 2454 3721 praeceptorum
2493 3638 2638 3704 varii

276 3743 510 3826 generis
550 3744 935 3827 farraginem,
974 3740 1152 3827 quam
1183 3744 1288 3826 qui
1325 3743 1739 3826 congesserint
1765 3752 1868 3808 aut
1903 3761 2140 3807 merum
2178 3742 2493 3808 arbitrium
2530 3751 2638 3806 aut

276 3849 531 3912 fortasse
561 3855 864 3912 externam
902 3849 1197 3930 quandam
1239 3847 1687 3913 similitudinem
1718 3848 1781 3911 in
1809 3847 2108 3912 vocabulis
2147 3848 2417 3929 adeoque
2445 3846 2509 3910 in
2536 3846 2635 3910 lit-

274 3952 419 4017 teris
451 3959 740 4036 sequutos
768 3971 929 4029 esse,
957 3952 1031 4016 ad
1063 3952 1316 4016 eundem
1357 3954 1638 4028 modum,
1679 3970 1857 4035 quem
1893 3951 1957 4014 in
1994 3951 2301 4034 elegorum
2334 3948 2635 4032 Theogni-

275 4056 527 4121 deorum
556 4055 905 4121 collectione
934 4055 1117 4120 critici
1147 4056 1439 4122 acutiores
1468 4055 2028 4120 animadverterunt.
2085 4057 2280 4137 Atque
2309 4053 2383 4118 ab
2409 4055 2634 4118 horum

276 4160 565 4225 sententia
611 4178 724 4242 ego
768 4178 1008 4243 quoque
1054 4180 1152 4225 me
1194 4178 1322 4225 non
1360 4161 1682 4225 abhorrere
1730 4160 2037 4242 profiteor.
2106 4159 2344 4235 Quanto
2394 4160 2633 4243 saepius

277 4264 435 4329 enim
474 4282 714 4330 carmen
751 4262 1078 4347 perlustro,
1119 4273 1458 4348 quantoque
1498 4264 1829 4327 accuratius
1869 4261 2254 4326 defensorum
2293 4263 2533 4328 illorum
2564 4284 2637 4329 ac

276 4368 646 4436 laudatorum
684 4368 949 4433 rationes
979 4368 1284 4448 examino,
1314 4388 1569 4434 acumen
1599 4368 1839 4452 quidem
1869 4375 1930 4431 et
1961 4366 2280 4433 sollertiam
2309 4387 2632 4451 argumen-
