3102 4866
1815 228 1844 268 s

1263 346 1276 360 ·
1380 324 1472 394 as

268 534 503 593 constat
518 530 601 606 ⁹).
687 522 845 587 Hinc
879 521 1057 605 igitur
1093 518 1473 585 manifestum
1517 535 1653 581 8888
1689 516 1971 598 arbitror,
2013 540 2138 587 non
2185 514 2423 588 obstare
2457 521 2625 587 bunc

266 631 496 705 locum,
530 629 857 713 quominus
887 625 1029 702 illis,
1067 643 1217 707 quae
1243 623 1429 687 altero
1461 621 1630 698 loco,
1676 640 1807 704 cap.
1840 622 1950 702 23,
1991 627 2064 691 de
2092 646 2308 710 parvae
2335 625 2534 691 Iliadis
2563 633 2625 689 et

265 733 623 818 Cypriorum
661 730 1012 811 auctoribus,
1045 728 1197 793 dieta
1236 735 1409 803 sunt,
1448 726 1597 790 fides
1635 724 1940 792 habeatur.
1991 730 2397 813 Reprehendit
2423 738 2622 794 autem

264 839 346 903 ibi
375 837 749 910 Aristoteles,
781 832 1286 918 quemadmodum
1319 849 1504 914 supra
1531 830 1809 908 vidimus,
1840 832 1960 897 hoc
1987 852 2195 911 unum,
2224 835 2406 918 quod,
2434 852 2622 918 quum

265 944 564 1009 actionem
592 939 976 1021 multiplicem
998 943 1335 1013 motarent,
1361 952 1489 998 non
1514 933 1822 998 vitaverint
1843 934 1931 1012 id,
1962 937 2123 1019 quod
2146 938 2445 1004 Homerus
2472 944 2625 1023 pru·-

266 1046 480 1111 denter
508 1043 747 1121 caverit,
786 1060 863 1106 ne
898 1047 1147 1124 propter
1183 1040 1431 1104 nimiam
1469 1058 1674 1104 rerum
1705 1038 2145 1104 multitudinem
2183 1061 2255 1106 88
2279 1041 2623 1108 varietatem

266 1149 567 1232 implicata
596 1146 855 1212 carmina
883 1145 1223 1209 evaderent:
1262 1161 1412 1225 quae
1440 1143 1828 1235 reprehensio
1858 1143 2192 1226 significare
2217 1146 2477 1225 videtur,
2516 1166 2624 1212 eos

263 1271 389 1317 non
414 1253 563 1317 satis
586 1251 732 1315 scite
751 1249 1005 1325 fabulas,
1036 1266 1184 1331 quas
1206 1246 1646 1330 proponebant,
1676 1246 1749 1311 ad
1778 1246 2066 1313 unitatem
2095 1249 2349 1314 actionis
2369 1268 2625 1335 compo·

265 1359 484 1433 suisse,
511 1356 619 1421 sed
648 1355 726 1418 ita
755 1355 958 1438 potius
990 1351 1194 1416 omnia
1221 1367 1525 1428 narrasse,
1556 1360 1626 1415 ut
1654 1351 1797 1434 quid
1827 1350 2200 1434 primarium,
2232 1354 2377 1438 quid
2404 1373 2625 1420 secun-

265 1461 502 1525 darium
529 1469 708 1536 esset,
734 1476 859 1523 non
889 1462 1104 1541 posset
1123 1453 1414 1537 dignosci,
1442 1455 1699 1539 ideoque
1720 1454 1916 1519 unitas
1938 1456 2208 1536 actionis,
2237 1459 2470 1524 etiamsi
2497 1476 2628 1524 non
2769 1532 2774 1537 ,

265 1565 442 1648 plane
473 1563 724 1637 deesset,
754 1580 881 1626 non
908 1568 1109 1625 tamen
1141 1557 1289 1623 satis
1328 1557 1602 1623 eluceret.

442 1667 719 1733 Ceterum
759 1666 921 1749 quod
960 1665 1034 1730 ad
1073 1663 1228 1727 banc
1264 1662 1554 1727 unitatem
1594 1662 1844 1728 actionis
1884 1664 2121 1742 attinet,
2160 1673 2254 1730 est
2291 1685 2361 1730 ea
2389 1666 2630 1749 quidem

263 1771 629 1849 necessaria,
668 1790 820 1854 quae
871 1770 977 1834 ubi
1006 1767 1187 1844 desit,
1239 1767 1392 1831 bene
1442 1766 1845 1850 compositum
1888 1786 2133 1833 cannen
2170 1767 2306 1835 8888
2352 1781 2628 1854 nequeat,

264 1896 465 1961 neque
492 1885 692 1940 tamen
723 1874 853 1938 sola
881 1872 955 1937 ad
985 1871 1221 1937 laudem
1253 1870 1714 1958 compositionis
1753 1871 2075 1937 sufficiens.
2163 1873 2549 1958 Requiritur
2531 1895 2629 1940 m-

266 2000 469 2066 super‚
497 1979 748 2044 utactio
780 1985 932 2041 tota
960 1976 1059 2053 sit,
1088 1976 1194 2053 vel,
1223 1985 1291 2040 ut
1320 1994 1457 2039 cum
1488 1975 1804 2041 Aristotele
1830 1977 2069 2060 loquar,
2097 1982 2167 2042 ‘ut
2192 1977 2459 2057 initium,
2498 1999 2628 2044 me-

262 2086 435 2150 dium
473 2093 534 2149 et
571 2085 752 2148 finem
792 2082 1033 2157 habeat,
1072 2080 1132 2144 h.
1172 2100 1222 2143 8.
1265 2088 1332 2144 ιιι
1370 2099 1404 2143 8
1441 2079 1738 2164 principio
1777 2081 1870 2147 ad.
1890 2081 2111 2146 exitum
2148 2083 2489 2148 necessario
2528 2096 2632 2149 aut

266 2188 562 2273 probabili
605 2205 895 2270 processu
931 2204 1042 2269 per
1079 2184 1298 2267 gradus
1337 2184 1682 2248 deducatur.
1781 2180 1932 2273 Χρὴ
1978 2173 2120 2266 οὖν,
2174 2186 2367 2269 inquit
2395 2207 2447 2252 8.
2476 2186 2539 2266 8,
2570 2190 2630 2267 4,

265 2290 387 2359 τὸν
450 2289 704 2376 μῦθον,
771 2283 928 2355 ἐπεὶ
981 2282 1293 2374 πράξεως
1341 2280 1628 2374 μίμησίς
1687 2280 1861 2368 ἐστι,
1927 2286 2096 2372 μιᾶς
2143 2311 2220 2356 τε
2282 2280 2460 2357 εἶναι
2510 2289 2631 2357 καὶ

264 2391 514 2486 ταύτης
566 2387 741 2484 ὅλης.
796 2394 937 2459 ἰι8ιιι
985 2412 1034 2457 8.
1082 2390 1185 2470 23,
1236 2392 1299 2456 1:
1357 2386 1465 2457 δεῖ
1511 2387 1672 2470 τούς
1712 2385 1981 2475 μύθους
2032 2389 2425 2463 συνιστάναι
2466 2391 2627 2483 περὶ
2669 2412 2738 2468 22
2852 2447 2857 2453 .
2928 2447 2934 2454 ,
3059 2363 3075 2377 ’

267 2495 435 2586 μίαν
487 2494 738 2588 πρᾶξιν
789 2492 948 2586 ὅλην
997 2491 1116 2562 καὶ
1167 2488 1457 2576 τελείαν,
1511 2488 1796 2576 ἕχούσαν
1847 2488 2049 2585 ἀρχὴν
2100 2495 2220 2564 καὶ
2260 2495 2472 2584 μέσον
2513 2499 2633 2568 καὶ

266 2601 481 2684 τέλος,
526 2594 615 2669 ἵν’
670 2596 902 2689 ὥσπερ
960 2596 1134 2686 ζῷον
1174 2591 1248 2666 ἓν
1291 2592 1445 2666 ὅλον
1486 2597 1660 2689 ποιῇ
1701 2598 1824 2689 τήν
1869 2593 2125 2667 οἰκείαν
2166 2596 2430 2693 ἡδονήν.
2492 2607 2630 2672 add.

270 2729 321 2774 8.
364 2712 424 2787 ’1,
464 2708 532 2774 3:
588 2697 754 2795 ἀρχῆ
808 2698 880 2769 δ’
933 2697 1118 2770 ἐστὶν
1162 2693 1204 2768 8
1255 2695 1423 2769 αὐτὸ
1476 2700 1600 2788 μὲν
1649 2701 1742 2792 μή
1796 2699 1874 2784 ἐξ
1924 2696 2214 2796 ἀνάγκης
2260 2700 2412 2792 μετ’
2466 2700 2633 2776 ι’ίλλο

269 2804 437 2891 ἐστι’,
481 2801 629 2895 μετ’
675 2804 890 2875 ἐκεῖνο
935 2800 998 2873 δ’
1048 2802 1270 2895 ἕτερον
1321 2802 1623 2896 πέφυκεν
1665 2796 1841 2873 εἶναι
1882 2798 1930 2897 ἢ
1973 2804 2289 2894 γίνεσθαι
2303 2833 2321 2850 ·
2362 2810 2632 2903 τελευτή

274 2912 353 2982 δὲ
404 2907 787 2981 τούναντίον
829 2904 869 2979 ὃ
912 2905 1078 2979 αυτό
1129 2905 1281 2996 μετ’
1331 2903 1496 2977 duo
1547 2908 1849 3002 πέφυκεν
1904 2902 2170 2980 εἶναιἋ
2121 2937 2163 3004 η
2220 2910 2298 2995 ἐξ
2344 2908 2633 3006 ἀνάγκης

276 3010 319 3041 ’“
270 3012 457 3108 ηῶς
498 3013 621 3085 ἐπὶ
661 3015 743 3085 τὸ
787 3013 982 3097 πολύ,
1027 3037 1198 3101 μετα
1240 3011 1318 3082 δὲ
1356 3019 1557 3082 τοῦτο
1602 3008 1766 3083 ἄλλο
1810 3009 2029 3083 οὐδέν·
2057 3014 2263 3101 μέσον
2306 3016 2385 3086 δὲ
2427 3011 2473 3087 δ’
2512 3017 2630 3087 καὶ

275 3115 441 3189 αὐτὸ
484 3116 635 3207 μετ’
680 3115 862 3203 ἄλλο,
907 3118 1024 3187 καὶ
1065 3113 1216 3204 μετ’
1258 3115 1473 3187 ἐκεῖνο
1517 3115 1755 3207 ἕτερον.
1845 3122 2005 3187 Haec
2032 3131 2099 3187 ut
2134 3126 2278 3189 satis
2309 3127 2513 3209 plana,
2541 3128 2633 3193 sic

273 3230 453 3294 etiam
493 3228 823 3292 certissima
862 3213 1032 3291 sunt:
1076 3227 1182 3290 sed
1221 3244 1398 3309 quam
1439 3225 1594 3290 bene
1629 3247 1662 3291 a
1692 3226 1990 3292 veteribus
2031 3228 2144 3293 illis
2183 3230 2368 3313 epicis
2402 3242 2634 3297 servata

276 3335 427 3411 sint,
466 3352 680 3415 pamm
718 3332 923 3416 liquet.
1012 3330 1170 3395 Sunt
1196 3330 1383 3408 enim,
1425 3331 1527 3413 qui
1557 3349 1634 3394 ne
1663 3331 1901 3395 Iliadem
1942 3332 2180 3415 quidem
2212 3344 2273 3398 et
2301 3334 2632 3419 odysseam
2695 3381 2702 3388 -

274 3439 381 3514 sic,
410 3446 482 3501 ut
507 3455 617 3520 par
644 3445 830 3512 esset,
870 3435 1055 3511 finiri,
1100 3434 1206 3498 sed
1235 3442 1555 3517 utramque
1585 3434 1738 3499 ultra
1767 3435 1994 3499 iustum
2023 3437 2205 3502 finem
2234 3439 2483 3522 produci
2512 3459 2633 3522 pu·

272 3552 433 3619 tent3
472 3551 533 3605 et
560 3538 862 3623 Odysseae
897 3549 1127 3622 partem
1168 3548 1564 3621 postremam,
1603 3559 1638 3604 a
1675 3539 1884 3617 xxm,
1923 3540 2079 3620 297,
2122 3543 2373 3608 alienam
2409 3562 2522 3608 nec
2558 3544 2632 3609 ab

274 3648 519 3723 eodem,
573 3644 674 3727 qui
722 3644 950 3727 reliqua
1002 3643 1164 3720 fecit,
1217 3651 1393 3726 poeta
1432 3646 1762 3726 profectam
1816 3663 1953 3709 esse
1991 3664 2118 3711 non
2171 3647 2516 3730 ambigitur,
2565 3668 2635 3713 ea

274 3761 493 3827 autem,
532 3768 681 3834 quae
719 3749 794 3812 de
830 3767 977 3831 pace
1007 3767 1144 3813 cum
1181 3747 1518 3811 occisorum
1561 3766 1886 3831 procorum
1924 3750 2270 3837 parentibus
2300 3752 2632 3837 composita

272 3853 488 3938 m,
526 3853 652 3918 413
706 3872 839 3936 sqq.
893 3860 1229 3930 narrantur,
1281 3853 1458 3916 etiam
1511 3850 1585 3915 ab
1637 3872 1733 3931 88,
1783 3872 1966 3936 quam
2007 3854 2356 3921 Aristoteles
2405 3856 2631 3939 legerit,

273 3959 547 4043 Odyssea
575 3956 837 4022 abfuisse
856 3957 1127 4021 nonnulli
1157 3956 1550 4022 aediderunt.
1613 3956 1729 4019 Sed
1760 3958 1980 4021 horum
2012 3961 2256 4043 quidem
2286 3960 2633 4042 opinionem

272 4085 308 4129 a
335 4063 640 4129 Nitzsehio
680 4061 825 4126 satis
863 4063 1171 4128 refutatam
1212 4080 1349 4126 esse
1392 4060 1606 4125 lubens
1646 4061 1944 4140 concedo,
1985 4081 2099 4129 nee
2125 4065 2201 4129 de
2237 4063 2432 4130 Iliadis
2470 4064 2628 4129 iusto

411 4280 465 4374 a)
503 4302 650 4359 conf.
669 4319 799 4374 quae
816 4303 880 4356 de
900 4300 1054 4355 simili
1071 4301 1280 4371 quadam
1298 4300 1349 4355 in
1367 4317 1418 4356 a.
1436 4317 1487 4371 p.
1508 4299 1825 4368 indiligentia
1844 4304 2124 4373 prudenter
2143 4306 2339 4360 monuit
2362 4304 2424 4361 Β.
2442 4305 2632 4380 agger,

270 4389 499 4447 Histoire
522 4394 588 4447 de
610 4392 661 4445 18
685 4390 902 4461 critique
927 4390 1052 4443 cllez
1074 4389 1155 4443 les
1179 4387 1342 4443 Grec·
1371 4389 1557 4458 (Paris.
1589 4389 1758 4458 1849.)
1785 4406 1834 4460 p.
1865 4389 1980 4445 145.
