3102 4866
1348 302 1476 369 467

240 491 653 555 confluxerant
686 491 762 557 ad
800 491 1143 574 Bogislsnm
1181 436 1504 559 videndum
1545 504 1609 559 et
1642 495 2046 585 salutandmn:
2075 503 2136 561 α
2162 513 2346 579 (χιιιιιιι
2376 497 2597 573 tem

237 605 401 660 esset
440 596 771 680 carniprivii
812 607 1077 682 tempus,
1114 599 1277 682 quod
1318 599 1475 666 ludis
1512 599 1717 665 multis
1758 610 1937 683 atque
1961 599 2314 701 spectaculis
2341 609 2404 673 et
2422 600 2599 667 omni

238 700 547 765 hilaritatis
587 720 803 783 genere
841 702 1122 767 celebrari
1161 703 1419 778 solebat,
1457 704 1555 769 his
1584 704 1868 770 omnihus
1896 724 1964 769 se
1993 706 2127 770 sine
2153 706 2309 771 fastu
2326 713 2399 797 et
2417 723 2598 775 unior

239 805 433 887 gantis
462 804 826 881 immiscens,
857 825 1002 872 suas
1028 825 1272 890 quoque
1297 807 1429 892 ipse
1455 819 1656 893 partes
1685 807 1955 892 publicae
1980 807 2230 875 laetitiae
2263 809 2599 894 suscipiens

238 918 303 973 et.
322 920 606 991 tanquam
638 909 904 994 privatus
936 930 1074 976 cum
1102 911 1346 994 privatis
1375 913 1628 979 comiter
1648 912 1957 978 colluden‘s
1971 914 2152 978 —ita
2182 913 2455 983 omnium
2479 912 2598 986 sibi

239 1015 477 1079 animos
517 1015 800 1092 devinxit,
835 1026 902 1080 ut
931 1010 1261 1081 nullusilla
1288 1025 1645 1102 tempestate
1671 1017 1803 1083 suis
1843 1017 2069 1083 civibus
2097 1017 2600 1103 princepscsrisr

237 1125 427 1194 esset,
473 1136 666 1201 quam.
699 1118 1013 1202 Bogislaus
1062 1122 1253 1185 factus
1296 1129 1392 1185 est
1432 1121 2058 1206 Norimhergensihus.
2114 1121 2202 1188 lta
2237 1131 2435 1193 totum
2462 1123 2598 1191 tem

238 1239 512 1288 inensem
551 1222 709 1288 inter
736 1223 851 1288 hos
881 1224 1099 1315 exegit.
1159 1224 1300 1290 Mox
1339 1233 1538 1290 autem
1577 1226 1823 1290 Caesare
1856 1224 2260 1291 Maximiliano
2299 1226 2405 1292 ad·
2398 1226 2599 1297 Ocni·

239 1336 488 1410 pontem
517 1327 792 1402 salutato,
812 1328 972 1405 inde,
1002 1328 1248 1394 dimissa
1278 1331 1535 1397 maxima
1562 1338 1732 1412 parte
1759 1328 2047 1395 comimm
2051 1347 2244 1412 ,quos
2271 1349 2345 1394 ex
2373 1330 2597 1397 Pome-
2632 1346 2702 1401 so

239 1431 407 1496 rania
446 1451 651 1497 secum
687 1433 997 1510 eduxerat,
1027 1453 1164 1498 cum
1187 1433 1395 1517 paucis
1424 1433 1752 1499 Venetiam·
1759 1432 2086 1498 contendit.
2144 1431 2361 1498 Multos
2380 1433 2518 1515 ibt·
2498 1451 2598 1501 iti-

111 1538 114 1541 ’
240 1536 428 1612 venit,
471 1536 572 1619 qui
611 1555 796 1619 quum
839 1538 914 1603 de
950 1537 1078 1603 eius
1113 1537 1371 1602 consilio
1400 1538 1791 1621 accepissent,
1819 1537 2065 1604 concedi
2089 1537 2213 1603 sihi
2241 1546 2501 1623 orarent.
2528 1546 2602 1607 ut

242 1641 493 1707 comites
523 1640 749 1706 itineris
778 1643 988 1706 flerent
1013 1652 1074 1707 et
1099 1643 1277 1707 tutela
1304 1642 1565 1725 Bogislai
1593 1651 1923 1707 uterentur.
1983 1642 2074 1707 Ex
2101 1636 2441 1708 hin-ursus
2470 1641 2600 1711 ool-

240 1744 391 1808 lecta
420 1752 827 1809 trecentorum
856 1746 980 1809 rere
1006 1746 1325 1811 hominum
1353 1764 1560 1824 manu,
1587 1747 2043 1820 Germanorum,
2065 1744 2369 1824 Italorum,
2394 1732 2599 1811 Gallo—
2673 1804 2682 1813 .

240 1867 397 1924 rum,
427 1848 865 1932 nongintorum,
893 1850 1265 1916 Polonornm
1295 1850 1688 1933 aliorumque,
1712 1867 1925 1914 navem
1957 1850 2327 1927 conscendit,
2348 1867 2603 1933 supera-
2633 1904 2643 1915 .

241 1952 441 2035 tisque
467 1951 712 2017 feliciter
738 1953 909 2017 sinus
937 1952 1260 2019 Hadriatici
1287 1961 1349 2017 et
1376 1952 1526 2018 Ionii
1557 1953 1745 2018 maris
1773 1952 2051 2042 periculis
2079 1953 2149 2021 iu
2166 1952 2601 2036 Creticumpe-

243 2055 414 2137 lasus
442 2057 726 2139 pervenit.
781 2058 905 2122 lam
936 2058 1317 2140 quumhaud
1345 2057 1559 2141 procul
1588 2058 1662 2122 ah
1692 2057 1825 2139 ipsa
1851 2056 2047 2122 insula
2074 2055 2372 2133 abessent,
2392 2055 2599 2151 subito

244 2177 462 2224 novem
499 2161 872 2242 praedonum
899 2179 1082 2227 naves
1120 2161 1263 2226 velis
1302 2160 1605 2244 remisque
1641 2160 1819 2225 citato
1859 2148 2042 2225 (ιιι-ιιι
2068 2161 2135 2224 ιιι
2164 2179 2232 2225 se
2258 2161 2352 2244 agi
2378 2160 2599 2233 vident.

245 2262 369 2327 Hae
409 2262 554 2346 quid
597 2264 981 2342 intentarent,
1023 2264 1248 2329 nemini
1293 2265 1572 2329 dubium:
1617 2263 1935 2346 effugiendi
1977 2262 2136 2328 nulla
2177 2282 2350 2348 spes:
2402 2264 2602 2347 impar

243 2386 385 2431 vero
416 2375 736 2445 certamen,
767 2369 819 2433 si
851 2386 987 2433 cum
1005 2386 1137 2432 una
1162 2367 1505 2445 Liburnica,
1535 2366 1885 2432 hominihus
1914 2366 2073 2431 haud
2090 2356 2598 2451 ampliusuec'sn·

163 2463 170 2473 ’
244 2473 321 2538 tis
350 2481 411 2537 et
436 2474 515 2536 ne
543 2473 786 2537 armatis
814 2473 1054 2556 quidem
1088 2472 1387 2556 plerisque
1429 2479 1532 2537 aut
1569 2491 1879 2539 armorum
1907 2472 2047 2537 usui
2072 2472 2364 2550 adsuetis,
2384 2482 2601 2539 contra

244 2595 460 2642 novem
491 2576 757 2641 hostium
786 2596 986 2653 naves,
1015 2576 1414 2660 hominesque
1440 2575 1702 2659 amplius
1730 2575 1826 2641 his
1854 2576 2019 2642 mille
2046 2585 2313 2643 armatos
2349 2583 2411 2641 et
2434 2575 2600 2646 mili-

241 2689 399 2744 tares
450 2680 840 2763 pugnandum
891 2690 1067 2744 esset.
1155 2680 1384 2744 Tamen
1434 2678 1752 2760 Bogislaus
1805 2698 2056 2746 suorum
2109 2680 2349 2746 animos
2398 2678 2599 2763 ‹si-igit:

242 2781 482 2868 „Saepe
508 2786 740 2866 wimiis
766 2783 1001 2848 viribus
1027 2788 1330 2848 mammas
1355 2781 1609 2847 hostium
1638 2786 1838 2866 copias
1871 2786 2045 2866 siuas
2070 2802 2224 2849 esse:
2263 2787 2602 2868 riperens-
2658 2856 2671 2868 ‚

245 2889 388 2953 dum
414 2892 508 2962 cit,
538 2899 736 2952 mmm
766 2907 901 2953 cum
928 2889 1127 2972 ylario
1153 2892 1316 2953 movi
1341 2888 1574 2953 decere:
1606 2886 2177 2968 mammonam
2204 2891 2524 2972 ειιηιίυἰω
2548 2897 2605 2953 et

245 2993 650 3059 barbarorum
675 2997 915 3058 servitio
939 2997 1294 3077 potiorem.“
1353 2992 1560 3074 Itaque
1572 2991 1647 3056 ad
1661 3009 1925 3074 pugnam
1956 2992 2159 3057 omnia
2185 2992 2386 3074 parari
2412 2991 2604 3056 iubet:

242 3097 375 3179 ipse
404 3106 576 3162 scuto
607 3106 837 3161 tantum
867 3105 928 3160 et
955 3095 1147 3177 gladio
1177 3105 1442 3160 armatus
1455 3096 1518 3160 in
1533 3113 1713 3178 prora
1729 3094 2026 3170 consistit,
2040 3094 2308 3177 primum
2335 3094 2606 3160 hostium

242 3200 534 3284 impetum
564 3209 937 3284 excepturus.
995 3199 1087 3265 Illi
1126 3219 1270 3265 mox
1309 3217 1519 3265 navem
1558 3197 1825 3283 undique
1861 3200 2135 3282 cingunt,
2175 3217 2457 3282 magnam
2482 3198 2605 3264 vim

243 3304 560 3370 missilium
589 3305 825 3370 eminus
854 3313 1168 3388 spargunt,
1199 3304 1338 3369 dein
1367 3303 1621 3387 propius
1649 3312 1890 3386 urgent,
1926 3303 2078 3387 ipsis
2110 3302 2287 3368 navis
2322 3301 2606 3367 lateribus
2742 3346 2747 3352 -

244 3408 587 3485 adhaerent,
616 3409 771 3472 viam
801 3407 913 3472 sihi
941 3408 1132 3472 hastis
1160 3427 1234 3473 ac
1258 3407 1468 3491 gladiis
1507 3407 1701 3471 facere
1737 3414 2049 3472 conantur.
2082 3405 2198 3471 ,nii
2222 3418 2357 3471 tum
2380 3405 2605 3489 Bogis-

243 3511 371 3576 laus
399 3511 760 3594 ubicumque
786 3529 1094 3576 summum
1125 3511 1451 3576 discrimen
1480 3531 1617 3576 esse
1645 3512 1820 3590 videt,
1848 3510 2143 3591 advolare,
2169 3509 2382 3575 hostes
2406 3509 2606 3593 repel-.

150 3692 163 3705 ·
243 3615 385 3692 lere,
412 3624 819 3698 prosternere,
849 3614 914 3678 in
941 3632 1106 3679 mare
1133 3613 1475 3692 deturbare,
1505 3633 1656 3679 suos
1688 3624 1748 3680 et
1774 3613 1974 3680 verbis
2004 3623 2066 3679 et
2082 3614 2357 3697 exemplo
2379 3613 2607 3679 adhor-
2730 3625 2735 3630 ·

190 3705 196 3712 ’
245 3717 385 3794 tari,
415 3737 668 3801 prorsus
701 3718 926 3783 strenui
965 3717 1170 3782 militis
1201 3726 1263 3781 et
1297 3717 1446 3782 honi
1483 3718 1865 3803 imperatoris
1906 3707 2105 3783 officia
2133 3718 2313 3783 simul
2340 3717 2604 3801 exsequi.

245 3821 334 3886 lta
361 3820 463 3886 diu
492 3821 761 3906 iniquum
790 3830 1089 3888 certamen
1119 3821 1461 3887 sustinetur.
1520 3822 1790 3888 Perculsi
1817 3824 2027 3888 hostes
2055 3822 2457 3904 inexspectata
2478 3838 2610 3891 „uo-

247 3935 513 3990 strorum
540 3924 925 3990 fortitudine:
953 3943 1148 4008 neque
1174 3936 1371 4003 tamen
1400 3924 1709 3991 victoriani
1740 3926 1943 3992 minus
1957 3925 2072 3990 sihi
2095 3932 2314 3989 certain
2337 3926 2607 4001 credunt,
2718 3973 2725 3978 -

246 4046 434 4111 quum
465 4037 775 4111 tantopere
803 4048 871 4093 se
897 4027 1120 4093 viribus
1149 4047 1432 4112 superare
1461 4031 1713 4095 videant.
1775 4030 1947 4095 Unus
1977 4038 2107 4094 erat
2131 4017 2205 4093 ex
2229 4028 2607 4112 praedonum

245 4130 518 4208 ducibus,
547 4131 733 4196 homo
762 4132 987 4198 insoliti
1012 4132 1273 4209 rohoria,
1304 4141 1364 4196 et
1393 4133 1797 4217 magnitudine
1826 4151 2068 4217 quoque
2089 4132 2364 4215 corporis
2386 4131 2611 4214 Bogis·

245 4236 343 4300 lao
385 4235 482 4299 vix
525 4235 739 4319 impar.
798 4237 858 4301 Is
905 4255 1090 4320 quum
1134 4237 1298 4301 hunc
1339 4255 1528 4302 unum
1573 4237 1886 4302 victoriam
1923 4235 2216 4301 remorari
2242 4235 2611 4318 intelligunt,

246 4358 386 4404 eum
426 4340 538 4405 sihi
577 4342 892 4425 proprium
932 4363 1003 4406 ac
1040 4342 1237 4406 solum
1282 4342 1688 4406 adversarium
1717 4342 1997 4425 sumpsit.
2045 4340 2253 4417 Irruit;
2280 4340 2612 4422 repellitur:

2064 4444 2150 4507 30
2170 4443 2198 4473 ⁶
