3102 4866
281 473 531 549 propter
566 462 858 528 maiorem
908 479 1047 526 cum
1086 458 1262 524 Iliade
1313 469 1374 523 et
1410 458 1680 543 Odyssea
1725 454 2177 528 similitudinan
2227 463 2290 528 in
2340 464 2644 530 Homerici

285 569 547 633 nominis
579 568 923 633 societatem
953 566 1209 637 venisse,
1235 563 1590 648 praesertim
1619 564 1672 628 si
1701 564 1775 629 ab
1803 566 2017 634 iisdem
2039 568 2254 653 quibus
2282 569 2430 634 baec
2455 569 2640 653 rbap-

285 673 450 738 sodis
478 672 715 739 recitari
754 671 1043 736 solebant.
1119 669 1209 734 Sit
1245 688 1390 734 sane
1426 668 1536 732 ita:
1575 669 1858 735 nolumus
1897 673 2058 749 enim
2096 672 2454 738 contendere
2482 674 2549 738 in
2573 662 2644 738 ne

284 788 405 842 tam
436 779 723 842 obscura:
763 776 882 840 boc
915 784 1115 839 tamen
1146 782 1421 857 apertum
1452 780 1572 848 est,
1603 773 1782 851 istam
1812 775 2262 843 similitudinem
2289 797 2417 844 non
2441 778 2646 843 conti-

283 900 405 947 nuo
437 883 539 947 sic·
567 880 970 964 accipiendam
1004 898 1175 956 esse,
1211 887 1281 943 ut
1317 878 1497 969 etiam
1535 877 1886 945 artificiosae
1918 882 2377 965 compositionis
2416 890 2479 948 et
2504 882 2644 948 uni-
2718 939 2728 955 ,

268 987 420 1077 ‚tatis
471 987 648 1062 laude
696 985 788 1049 illa
838 984 1101 1049 carmina
1130 982 1416 1069 ‚proxime
1455 982 1530 1047 ad
1568 982 1761 1049 Iliadis
1799 993 1859 1049 et
1896 984 2194 1069 Odysseae
2220 986 2647 1070 praestantiam
2778 1054 2787 1064 ,

285 1091 613 1156 accessisse
642 1097 991 1154 statuantur.
1078 1087 1229 1151 Nam
1258 1087 1491 1151 etiamsi
1522 1088 1754 1179 suntin
1783 1088 1857 1153 iis
1889 1108 2148 1172 quorum
2188 1092 2391 1175 ipsum
2422 1110 2646 1157 nomen

286 1196 705 1261 demonstrare
739 1192 1046 1270 videntur,
1082 1199 1314 1256 versata
1354 1210 1423 1255 ea
1463 1209 1599 1257 esse
1626 1211 1753 1257 non
1783 1194 1967 1259 modo
2012 1195 2078 1259 in
2113 1213 2239 1260 uno
2268 1196 2502 1274 beroe,
2534 1196 2645 1260 sed

286 1301 345 1364 in
384 1319 505 1366 una
547 1298 782 1364 actione
812 1296 1126 1381 primaria,
1162 1296 1321 1360 velut
1349 1295 1658 1361 Oechaliae
1697 1297 1987 1362 excidium
2028 1299 2092 1363 in
2120 1299 2371 1364 Hercule
2398 1300 2647 1383 eiusque

286 1414 497 1470 contra
525 1404 819 1488 Eurytum
870 1402 1052 1476 bello,
1106 1412 1249 1466 sunt
1286 1409 1484 1464 tamen
1522 1419 1737 1465 rursus
1778 1402 1912 1479 alia,
1954 1423 2113 1487 quae
2153 1403 2366 1469 diversi
2408 1404 2644 1487 generis

287 1511 472 1575 fuisse
498 1528 626 1575 non
656 1508 994 1580 coniectura
1027 1505 1135 1570 sed
1164 1513 1326 1570 certo
1357 1505 1703 1569 testimonio
1744 1506 2155 1590 intelligamus.
2230 1506 2442 1592 Cypria
2479 1508 2641 1572 enim
2679 1516 2711 1569 7

286 1626 344 1680 ct
380 1634 625 1700 parvam
663 1612 899 1678 Iliadem
941 1610 1288 1676 Aristoteles
1328 1608 1663 1674 Homericis
1703 1611 2067 1676 carminibus
2108 1613 2364 1697 opponit
2400 1622 2649 1697 propter

284 1720 406 1785 boc
452 1721 687 1804 ipsum,
750 1716 914 1801 quod
965 1716 1038 1780 ad
1099 1715 1385 1780 unitatem
1436 1713 1686 1778 actionis
1746 1716 1948 1780 minus
1998 1716 2267 1782 sollerter
2314 1718 2652 1801 composita

286 1825 528 1902 fuerint,
558 1822 949 1907 quamobrem
979 1821 1032 1884 si
1070 1820 1270 1885 tam‘en
1300 1819 1567 1884 Homero
1596 1820 1742 1884 haec
1771 1841 1804 1885 a
1833 1810 2035 1886 multis
2073 1841 2202 1887 non
2232 1822 2433 1887 minus
2465 1820 2647 1905 quam

287 1928 598 1995 Oechaliae
636 1926 929 1991 excidium
960 1923 1480 2000 adscribebantur,
1512 1925 1913 1989 concedamus
1945 1945 2191 1991 necesse
2221 1934 2335 2004 est,
2364 1926 2425 1992 id
2455 1945 2647 2012 prop-

289 2043 379 2100 ter
402 2033 552 2098 alias
575 2031 864 2115 quasdam
897 2049 1074 2113 quam
1100 2028 1562 2112 compositionis
1586 2029 1831 2094 virtutes
1863 2030 1993 2093 fleri
2024 2025 2315 2112 potuisse.
2376 2031 2535 2109 Quid
2557 2040 2651 2096 est

289 2138 499 2221 igitur,
540 2156 646 2201 cur
673 2136 735 2200 in
767 2133 1079 2200 Oechaliae
1104 2132 1331 2197 excidio
1363 2132 1519 2196 banc
1557 2134 1761 2216 potius
1791 2152 1974 2217 quam
2003 2134 2144 2199 alias
2190 2144 2485 2219 spectatas
2514 2155 2652 2201 esse

289 2238 611 2307 dicamus?
640 2276 724 2287 —
752 2239 1031 2304 Profecto
1085 2237 1173 2301 sic
1214 2257 1281 2301 se
1316 2256 1415 2301 res
1452 2236 1660 2314 habet,
1700 2245 1769 2302 ut
1802 2237 1966 2303 nullo
2011 2238 2140 2302 iure
2178 2239 2454 2324 nullaque
2490 2250 2649 2306 certa

288 2347 523 2411 ratione
551 2343 824 2410 concludi
862 2342 1091 2427 possit,
1131 2351 1358 2406 veteres
1386 2341 1520 2405 illos
1550 2341 1617 2405 in
1645 2341 2028 2433 aestimandis
2058 2344 2420 2410 carminibus
2461 2345 2648 2430 epicis

245 2483 254 2492 ·
289 2451 675 2534 Homeroque
697 2458 798 2515 aut
818 2447 1229 2514 adscribendis
1253 2455 1354 2512 aut
1374 2445 1781 2512 abiudicandis
1811 2447 1968 2513 illam
1990 2449 2378 2531 potissimum
2408 2450 2649 2516 unitatis

288 2574 570 2621 normam
594 2553 954 2631 adhibuisse,
982 2554 1059 2617 ad
1088 2547 1270 2636 quam
1298 2560 1367 2616 ut
1395 2552 1612 2616 fuerint
1642 2552 1758 2616 iam
1789 2560 1918 2617 tum
1938 2552 2071 2616 Ilias
2101 2562 2160 2618 et
2182 2553 2450 2638 Odyssea
2478 2574 2649 2620 com-

290 2660 545 2743 positae,
561 2667 894 2723 nontamen
902 2665 1151 2722 eamaut
1161 2655 1632 2721 animadversam
1643 2655 1748 2720 ab
1730 2658 1882 2739 ipsis
1897 2658 2091 2740 poetis
2103 2658 2430 2754 Homerum
2444 2679 2652 2726 aemu-

286 2764 583 2853 lantibus,
635 2771 738 2829 aut
785 2763 989 2845 utique
1041 2762 1442 2826 necessariam
1496 2760 1569 2825 ad
1614 2760 1847 2826 laudem
1893 2764 2226 2828 carminum
2280 2764 2464 2829 visam
2495 2779 2653 2829 esse

288 2877 556 2954 apparet.
646 2867 726 2932 Ut
776 2866 1021 2943 luerint,
1060 2866 1335 2949 inquam,
1384 2866 1505 2929 iam
1542 2874 1673 2930 tum
1701 2866 1835 2930 llias
1877 2875 1937 2930 et
1965 2866 2230 2951 Odyssea
2269 2863 2358 2933 sic
2396 2888 2653 2954 compo·

289 2974 471 3038 sitae:
506 2991 647 3036 nam
687 2971 849 3036 hoc
832 2990 1032 3055 ipsum
1072 2971 1532 3053 haudquaquam
1572 2970 1716 3035 satis
1745 2981 2022 3037 constare
2049 2974 2185 3056 quis
2214 2970 2449 3037 nescit?
2535 2961 2689 3038 Sed=

290 3080 366 3143 de
398 3078 513 3142 hac
541 3076 887 3160 quaestione
916 3075 1086 3140 alias.
1116 3093 1279 3139 nunc
1316 3081 1549 3139 tantum
1580 3074 1911 3140 Aristotelis
1940 3078 2116 3143 verba
2147 3077 2344 3161 paullo
2374 3076 2657 3143 attentius

288 3180 828 3247 considerabimus.

463 3285 525 3349 Is
553 3285 764 3367 igitur,
793 3286 918 3350 Art.
958 3292 1117 3368 poet.
1148 3303 1277 3367 cap.
1310 3282 1381 3359 8,
1425 3285 1660 3367 peccari
1697 3304 1732 3349 a
1768 3285 1971 3351 multis
2004 3286 2183 3351 docet
2221 3285 2282 3350 in
2323 3286 2654 3352 carminum

291 3388 734 3472 compositione
762 3398 1109 3472 propterea,
1137 3387 1309 3471 quod
1340 3387 1482 3470 quid
1511 3390 1589 3453 ad
1619 3389 1901 3453 unitatem
1943 3390 2175 3455 sabinae
2201 3390 2494 3474 pertineat
2528 3408 2658 3456 non

290 3502 674 3578 perspectum
724 3492 998 3558 habeant.
1095 3489 1360 3569 Μῦθος
1412 3481 1481 3555 δ’
1534 3485 1721 3557 ἐστὶν
1772 3478 1895 3573 εἷς,
1947 3494 2168 3578 inquit,
2220 3486 2368 3577 οὐχ,
2424 3488 2660 3581 ωσπερ

290 3594 472 3675 τινὲς
502 3586 782 3677 οιονται,
827 3590 944 3661 ἐὰν
985 3589 1147 3684 περὶ
1193 3588 1311 3660 ἕνα
1352 3582 1431 3683 ᾗ·
1477 3591 1699 3661 πολλὰ
1745 3591 1869 3684 γὰρ
1897 3592 2018 3663 καὶ
2062 3590 2318 3687 ἄπειρα
2343 3595 2443 3720 τῷ
2487 3592 2661 3682 γένει

291 3692 680 3785 συμβαίνει,
743 3692 1024 3790 (ωσπερ
1067 3694 1270 3765 ποτέ
1327 3694 1447 3764 καὶ
1505 3685 1791 3763 ἄλλοτε
1848 3693 2123 3788 φασίν,)
2187 3695 2267 3782 ἐξ
2319 3685 2415 3766 ὧν
2467 3692 2661 3767 ἐνίων
2727 3706 2738 3716 ’

293 3797 492 3873 οὐδέν
533 3799 720 3871 ἔστιν
763 3798 864 3869 ἓν·
909 3795 1082 3868 οὕτω
1129 3799 1207 3868 δὲ
1249 3797 1369 3867 καὶ
1408 3795 1700 3889 πράξεις
1742 3793 1890 3880 ἑνὸς
1917 3797 2175 3872 πολλαί
2217 3798 2407 3885 εἰσιν,
2452 3799 2530 3885 ἐξ
2570 3791 2665 3870 ὦν

233 3931 241 3940 ·
293 3904 422 3995 μία
465 3900 749 3993 οὐδεμία
792 3902 1049 3993 γίνεται
1092 3900 1356 3994 πρᾶξις.
1428 3902 1551 3971 διὸ
1591 3901 1845 3986 πάντες
1887 3902 2192 3976 ἐοίκασιν
2235 3903 2659 3999 αμαρτᾶνειν,

296 4009 452 4083 ὅσοι
505 4011 641 4080 τῶν
690 4008 996 4100 ποιητῶν
1039 4002 1464 4099 ‘Homul-fida
1507 4007 1627 4075 καὶ
1685 4007 1998 4101 Θησηΐδα
2049 4010 2169 4079 καὶ
2222 4011 2310 4079 τὰ
2362 4010 2659 4097 τοιαῦτα

294 4114 656 4210 ποιήματα
698 4111 1194 4206 πεποιήκασιν·
1240 4107 1503 4182 οἴονται
1548 4111 1701 4203 γὰρ,
1756 4110 1914 4182 ἐπεὶ
1957 4103 2058 4194 εἷς
2096 4104 2178 4205 ἦν
2221 4111 2260 4184 ὁ
2298 4112 2664 4208 (Ηρακλῆς,

297 4217 415 4291 ἕνα
465 4220 588 4291 καὶ
635 4218 757 4289 τὸν
796 4217 1024 4306 μῦθον
1064 4208 1242 4285 εἶναι
1284 4214 1674 4307 προσήκειν.
1762 4222 1831 4285 In
1868 4221 2284 4289 constituenda
2320 4224 2506 4311 buius
2533 4225 2654 4289 loci
2747 4251 2752 4256 ·

291 4328 549 4395 lectione
578 4326 993 4394 Hel-mannum
1020 4326 1308 4392 hactenus
1340 4333 1630 4409 sequutus
1660 4345 1816 4406 sum,
1845 4336 1915 4391 ut
1940 4328 2120 4393 verba
2147 4330 2384 4414 uncipis
2414 4331 2664 4412 inclusa,
2715 4371 2722 4379 ·

381 4433 481 4502 ιιι.
2223 4435 2265 4501 3
2312 4490 2322 4500 .
2387 4453 2864 4518 .1;„3-5·.„..-:»‡„.„.

2434 4525 2444 4557 τ
2477 4533 2512 4561 Ὶε
2651 4517 2674 4558 l*
2693 4522 2703 4532 .
2727 4517 2740 4552 ξ
2843 4537 2852 4544 “
2869 4524 2880 4534 ἱ

2303 4571 2308 4574 μ
2325 4575 2332 4578 ,
2425 4587 2434 4594 ¹?
2463 4589 2490 4598 --
2635 4565 2642 4570 “
2667 4563 2694 4576 ἰι

2775 4595 2780 4600 -
2889 4597 2896 4604 .

2725 4608 2736 4616 .

2801 4633 2808 4640 .

2749 4651 2752 4656 Ι
2817 4665 2826 4672 v

2785 4449 2948 4482 Wr-

2959 4446 3065 4466 ‘'w-ss
