3102 4866
1442 298 1523 365 to

278 492 509 559 animo
538 494 1037 577 fuet-attantaque
1057 491 1272 558 virium
1297 507 1539 555 suarum
1571 487 1917 567 diffidentia,
1944 498 2015 556 iit
2041 491 2179 574 fuga
2200 487 2677 576 salutemque-l

306 597 495 675 veliet,
522 616 781 682 prorsus
808 596 988 663 alium
1018 595 1263 680 prodire
1288 594 1583 659 videmus.
1668 593 1842 660 Nulla
1870 594 1990 661 iam
2016 594 2253 661 timoris
2283 595 2534 673 mentio,
2561 593 2673 660 sed

309 721 550 768 summa
584 703 662 767 ad
700 701 1105 767 dimicandum
1144 697 1446 773 alacritas,
1484 705 1771 782 tantaque
1794 700 1888 764 vis
1926 717 2001 764 ac
2027 699 2339 777 tortitudo,
2364 707 2438 765 ut
2461 698 2674 765 hosta

310 826 501 894 usque
537 808 615 872 ad
655 805 825 872 urbis
862 806 1101 870 moenia
1148 804 1419 888 repellat,
1465 803 1850 887 videaturque
1882 803 2047 868 haud
2085 803 2328 869 dubiam
2363 803 2696 877 victorin.

310 920 729 996 reportaturus
758 910 973 984 fuisse,
1002 909 1118 975 nisi
1146 907 1351 974 multis
1380 907 1698 991 prostratis
1726 908 2078 974 adversariis
2105 907 2347 974 tandem
2381 909 2518 994 ipae
2541 906 2674 974 vul-

310 1023 556 1083 neratus
584 1015 867 1082 excedoee
894 1014 1125 1097 proelio
1157 1020 1485 1098 cogeretur.
1556 1012 1865 1078 Coniicere
1893 1011 2136 1097 quidem
2163 1029 2677 1096 possumus,-qua

310 1118 547 1186 ratione
572 1121 722 1186 haee
745 1126 908 1183 tanta
936 1118 1047 1183 viri
1076 1117 1325 1183 mutatio
1353 1117 1560 1183 effecta
1587 1116 1695 1182 sit:
1725 1135 1945 1202 nempe
1979 1117 2179 1202 pudor
2205 1116 2426 1201 prioris
2455 1116 2676 1201 despa-

311 1225 565 1291 rationis
592 1233 655 1288 et
679 1222 1027 1306 magnitudo
1060 1222 1422 1288 discriminis
1444 1222 1723 1287 stimulos
1753 1222 1956 1286 animo
1996 1220 2124 1286 eius
2152 1219 2538 1299 addiderunt3
2565 1219 2677 1286 sed

310 1329 597 1395 vellemus
623 1337 827 1393 tamen
855 1326 914 1391 id
945 1326 1123 1391 etiam
1152 1345 1189 1391 a
1215 1335 1395 1411 poeta
1425 1335 1961 1392 commemoratum
1992 1345 2154 1402 esse,
2185 1344 2373 1410 quum
2399 1342 2679 1411 praesu·-

310 1433 420 1498 tim
444 1433 603 1517 epici
629 1431 909 1498 carminis
937 1430 1091 1495 ratio
1121 1430 1432 1513 ipsiusque
1457 1430 1702 1496 Homeri
1744 1430 2116 1496 consuetudo
2146 1429 2451 1515 postulare
2477 1421 2680 1494 v'idea·

287 1545 443 1615 tur,
469 1546 539 1602 ut
565 1537 633 1601 in
660 1533 1005 1601 huiusmodi
1033 1534 1243 1612 rebus,
1272 1554 1425 1619 quae
1453 1536 1742 1618 pai-ioris
1771 1535 1848 1600 ad
1874 1535 2175 1601 actionem
2202 1534 2499 1600 momenti
2516 1540 2679 1606 sunt.

184 1732 189 1735 ¹
311 1659 441 1706 non
470 1642 671 1707 solnm
693 1639 834 1724 quid
865 1639 1096 1722 egerint
1122 1639 1420 1716 homines,
1451 1639 1560 1704 sed
1580 1639 1753 1704 etiam
1787 1639 2005 1723 quilius
2035 1639 2229 1706 causis
2256 1659 2331 1705 ac
2347 1636 2680 1706 rationibus

311 1745 498 1810 animi
525 1763 740 1810 eornm
767 1744 840 1809 ad
871 1744 1169 1827 agendum
1197 1743 1443 1826 impulsi
1473 1742 1616 1820 sint,
1645 1742 1883 1808 disertis
1913 1743 2111 1809 verbis
2139 1744 2453 1822 indicetur,
2465 1761 2683 1827 neque

314 1850 660 1915 auditorum
698 1848 1074 1914 coniecturae
1111 1847 1589 1913 subaudiendum
1617 1848 2005 1932 relinquatur.
2101 1847 2273 1913 Hanc
2308 1848 2388 1913 oli
2437 1865 2680 1914 causam

314 1953 495 2019 etiam
524 1952 885 2029 Nitnschius,
914 1971 976 2036 p.
1009 1952 1158 2029 224,
1209 1952 1419 2017 deesse
1468 1951 1688 2035 aliquid
1726 1951 1790 2016 in
1838 1953 1952 2017 hac
1986 1962 2154 2038 parte
2201 1952 2452 2031 iudicat,
2503 1951 2684 2036 idque

312 2066 615 2123 resectum
644 2057 965 2124 arbitratur
993 2057 1065 2121 ab
1095 2056 1199 2132 iis,
1228 2056 1424 2141 quiin
1454 2056 1872 2139 componenda
1899 2056 2078 2122 Iliade
2115 2057 2270 2122 inter
2304 2056 2689 2140 supa-icrun'

312 2160 723 2227 narrationem
744 2161 820 2225 de
840 2160 1307 2243 Agamemnonis
1329 2159 1747 2243 desperatione
1766 2160 1958 2244 deque
1977 2160 2270 2244 legatione
2298 2161 2375 2226 ad
2398 2159 2679 2227 Achillem

316 2266 683 2351 placandum
721 2265 908 2329 missa
945 2276 1004 2328 et
1041 2264 1199 2329 hanc
1236 2264 1310 2329 de
1349 2263 1610 2347 proximi
1652 2263 1769 2329 diei
1796 2264 2040 2348 proeliis
2078 2264 2435 2330 inseruerint
2460 2263 2681 2330 librmn

316 2371 622 2437 decimum
653 2368 727 2433 de
746 2376 1064 2436 nocturna.
1071 2368 1167 2433 illa
1189 2367 1623 2453 exploratione:
1654 2368 1818 2452 quod
1838 2388 2026 2453 quum
2048 2378 2168 2435 tam
2191 2367 2311 2435 acri
2336 2368 2685 2453 ceteroquin

315 2474 564 2540 unitatis
605 2474 669 2538 in
707 2474 885 2540 iliade
912 2482 968 2538 et
1021 2473 1429 2539 continuitatis
1467 2473 1771 2538 defensori
1805 2473 2002 2539 visum
2039 2474 2146 2551 sit,
2189 2472 2369 2540 nobis
2407 2473 2682 2557 profecto

316 2597 446 2644 non
475 2577 647 2643 aliter
672 2577 856 2643 videri
883 2576 1079 2642 debet.
1231 2602 1240 2611 ·

494 2682 779 2765 Sequitur
797 2682 975 2765 longa
997 2681 1388 2747 certaminum
1412 2682 1619 2760 series,
1649 2681 1841 2747 donec
1861 2681 2102 2748 tandem
2130 2681 2382 2748 Achilles
2404 2617 2682 2748 Patroclo

318 2796 387 2852 ut
410 2786 822 2853 laborantibus
853 2786 1092 2852 Graecis
1122 2806 1300 2870 opem
1330 2787 1478 2851 ferat
1507 2785 1807 2861 concedit,
1848 2805 2041 2871 eoque
2068 2786 2270 2852 occiso
2307 2787 2440 2871 ipse
2468 2805 2684 2852 rursus

320 2912 488 2957 arma
527 2891 712 2975 capit,
763 2910 943 2974 quam
994 2899 1224 2973 partem
1263 2889 1527 2974 Heynius
1567 2899 1717 2954 tom.
1771 2889 1903 2956 VIII
1929 2909 1995 2975 p.
2037 2887 2158 2956 781
2202 2908 2330 2955 non
2381 2889 2683 2955 imma-ito

318 2995 671 3079 primariam
708 2994 906 3060 Iliadis
942 2989 1021 3060 et‘
1041 2994 1210 3078 quasi
1258 2993 1578 3059 medullam
1619 3013 1758 3059 esse
1794 2994 1955 3060 dicit.
2052 2993 2204 3059 Nam
2245 3013 2394 3061 sane
2445 3013 2687 3061 summa

314 3118 525 3166 rerum
555 3099 854 3166 eiusmodi
882 3105 1005 3176 est,
1046 3117 1162 3182 qua
1204 3099 1392 3164 careri
1420 3099 1485 3162 in
1516 3099 1705 3164 totius
1734 3098 2016 3164 carminis
2053 3098 2494 3181 compositione
2522 3097 2686 3163 nullo

321 3204 509 3269 modo
539 3203 814 3288 potuisse
843 3211 1154 3321 appareat,
1192 3202 1300 3267 sed
1335 3201 1478 3296 huic
1502 3221 1779 3269 summae
1806 3202 1993 3268 multa
2020 3209 2220 3267 tamen
2250 3201 2526 3267 adiuncta
2551 3219 2691 3266 ease

325 3308 671 3385 fatebimur,
725 3327 875 3392 quae
910 3308 964 3373 si
1001 3309 1282 3374 abessent
1308 3324 1437 3374 non
1465 3306 1968 3383 desideraremus,
2018 3314 2125 3371 aut
2159 3305 2336 3370 etiam
2374 3305 2688 3371 mallemus

325 3412 555 3479 abesse.
644 3412 834 3478 Tanta
872 3412 1030 3478 enim
1080 3412 1144 3477 in
1179 3410 1342 3477 brevi
1379 3411 1577 3495 spatio
1617 3419 2017 3489 coacervatur
2031 3409 2350 3475 multitudo
2388 3428 2594 3475 rerum
2619 3417 2691 3473 ει

233 3593 237 3597 ,
326 3517 598 3594 varietas,
627 3534 807 3599 quani
835 3524 1024 3581 totam
1055 3516 1256 3581 animo
1280 3515 1595 3599 complecti
1617 3514 1745 3580 sine
1776 3534 1983 3581 errore
2009 3522 2112 3580 aut
2140 3512 2689 3580 confusioneetiam

331 3630 560 3687 attento
592 3619 830 3697 leucri,
867 3620 1091 3685 nedum
1138 3619 1420 3697 auditori,
1460 3620 1874 3685 difficillimum
1912 3619 2006 3684 sit.
2094 3618 2492 3701 Posteaquam
2530 3616 2688 3700 Aga·

327 3743 622 3792 memnon
660 3723 896 3790 saucius
934 3723 1162 3808 proelio
1200 3724 1483 3801 exoessit,
1520 3743 1786 3807 moxque
1823 3722 1999 3788 etiam
2036 3723 2355 3788 Diomedes
2391 3729 2453 3786 et
2489 3718 2690 3786 Ulixes

326 3839 580 3914 propter
609 3828 849 3894 vulnera
878 3829 1087 3893 cedere
1114 3829 1302 3894 coacti
1333 3837 1493 3906 sunt,
1519 3828 1793 3904 Achilles,
1825 3829 1901 3893 de
1926 3827 2094 3892 navis
2123 3846 2270 3892 suae
2296 3824 2488 3909 puppi
2515 3840 2692 3908 apec—

328 3934 512 4000 tando
553 3932 862 3999 certamini
898 3933 1191 4011 intentus,
1228 3953 1414 4018 quum
1442 3932 1830 3998 Machaonem
1870 3931 2085 4009 videat,
2121 3932 2266 3996 item
2295 3929 2599 4005 saucium,
2623 3925 2693 3991 in

328 4037 605 4103 Nestoris
634 4056 817 4102 curru
844 4037 920 4102 ad
950 4046 1144 4104 castra
1169 4046 1500 4114 revectum,
1528 4054 1727 4120 neque
1755 4036 1900 4101 satis
1929 4044 2094 4101 certo
2121 4034 2432 4100 hominem
2457 4031 2693 4115 'agnos-

333 4150 441 4220 cat,
467 4140 814 4206 Patroclum
843 4142 931 4205 ire
957 4140 1122 4207 iubet
1148 4144 1284 4226 quis
1312 4142 1410 4212 ille
1437 4141 1521 4205 sit
1546 4140 1931 4206 sciscitatum.
1981 4140 2044 4205 Is
2063 4137 2337 4204 Nestoris
2365 4136 2693 4202 tentorium

333 4245 645 4328 ingressus
686 4245 942 4310 verboso
981 4264 1259 4311 sermone
1298 4245 1623 4321 detinetur,
1669 4246 1840 4310 cuius
1879 4252 2109 4327 partam
2157 4242 2339 4324 longe
2376 4239 2695 4305 maximam

335 4350 529 4417 otiosa
557 4358 619 4416 et
644 4348 968 4416 immodica
1003 4350 1355 4434 loquacitate
1384 4349 1701 4415 molestam
1741 4368 1878 4414 esse
1903 4347 2244 4414 Nitzscliius
2273 4362 2513 4429 quoque
2547 4346 2699 4410 tate·

1614 4493 1656 4529 0
2211 4447 2289 4513 2·
