3102 4866
1572 282 1695 347 198

451 470 2811 568 qmoppoeiuinoersehnoednomembnoessagnomanondmn—

449 599 574 654 tem
601 588 766 652 inter
792 605 860 649 se
888 583 1168 667 opposita
1197 572 1498 668 ὁρκίοισι
1536 574 1675 661 μὲν
1706 571 1923 662 ζυγεὶς
1964 585 2027 640 et
2066 570 2259 640 θεῶν
2294 568 2654 657 Maurae,
2698 592 2813 637 ne·-

451 711 570 775 que
634 680 917 773 ἄγουσιν
967 677 1046 751 οὗ
1096 676 1329 768 pasc?
1381 675 1468 748 ἂν
1515 677 1596 748 ἐκ
1652 675 1856 766 γαίας
1906 673 2030 763 ἐμέ
2080 690 2139 743 et
2196 673 2818 765 ἐπικηρυκεύμασιν

455 788 577 862 οὐκ
620 783 704 857 ἂν
745 784 1321 870 πίθοιο,ι1ιοι·ιιιι
1363 788 1831 853 enuntiationem
1870 804 1943 849 ex
1981 781 2330 847 affirmativa
2359 780 2691 862 negativam
2722 783 2817 845 fa-

453 899 555 975 cit,
580 893 708 980 μέν
743 897 809 961 in
850 891 946 983 μή
984 904 1234 971 mutato,
1264 894 1508 958 alteram
1547 912 1621 970 ex
1650 891 1919 987 negativa
1956 887 2393 960 affirmativam,
2422 903 2537 969 pro
2566 876 2646 949 ου
2689 905 2821 968 με·

453 992 598 1068 θεῖ’
645 989 730 1066 ὄιν
770 999 1043 1065 scribens
1089 989 1172 1062 ἂν
1210 987 1438 1081 μεθει
1484 987 1586 1061 ἄν.
1630 1031 1721 1043 -
1760 992 1980 1068 Nobis,
2009 1000 2079 1055 ut
2107 1010 2313 1055 verum
2343 991 2665 1067 fateamur,
2703 1008 2819 1054 ne-

454 1126 570 1191 que
599 1105 741 1171 illud
770 1104 917 1170 satis
947 1114 1115 1170 caute
1143 1104 1362 1168 tactum
1392 1102 1652 1177 videtur,
1692 1097 1855 1183 quod
1883 1115 1919 1160 e
1946 1095 2298 1159 scholiastae
2326 1093 2824 1176 interpretatione

455 1213 614 1277 hanc
639 1229 819 1294 quam
850 1211 985 1293 ipse
1011 1208 1226 1291 reponi
1255 1207 1378 1271 vuit
1405 1205 1752 1276 lectionem,
1784 1219 1909 1264 non
1940 1211 2138 1265 autem
2167 1218 2332 1275 eam,
2372 1217 2525 1281 quae
2552 1198 2619 1262 in
2647 1199 2822 1264 codi-
2908 1194 2913 1198 ’

456 1314 628 1380 cibus
656 1321 841 1390 extat,
868 1314 951 1377 illi
980 1311 1348 1376 obversatam
1381 1310 1569 1373 tuisse
1595 1306 1922 1379 concludit;
1951 1322 2173 1386 neque,
2201 1305 2253 1368 si
2276 1303 2534 1368 maxime
2555 1303 2822 1369 scholia·

457 1427 615 1483 stam
651 1417 748 1481 ‚ita
786 1415 1002 1499 legisse
1051 1423 1381 1490 constaret,
1435 1411 1745 1477 meliorem
1806 1412 1961 1475 banc
2001 1409 2315 1472 lectionem
2359 1408 2699 1474 iudicamus
2736 1429 2839 1505 ea,-

458 1516 624 1607 quae
638 1520 714 1585 ab
741 1510 1073 1584 editoribus
1102 1517 1352 1601 probata
1379 1526 1492 1580 est.
1581 1516 1730 1580 Nam
1760 1534 1917 1598 quae
1942 1514 2145 1578 statim
2174 1511 2633 1594 subiunguntur
2644 1514 2825 1578 verba

460 1626 698 1691 Medeae
720 1616 905 1707 τάμὰ
947 1618 1070 1706 μὲν
1110 1618 1237 1710 γὰρ
1280 1612 1563 1708 ἀσθενῆ,
1608 1640 1797 1703 quum
1838 1639 2081 1686 causam
2125 1623 2415 1697 indicent,
2458 1639 2569 1686 cur
2598 1621 2823 1686 timen-

460 1712 758 1795 duis-sibi
785 1730 890 1806 sit,
918 1746 999 1793 ne
1025 1728 1100 1793 ab
1137 1729 1335 1809 Aegeo
1372 1726 1714 1801 deseratur,
1754 1744 2000 1790 necesse
2035 1736 2129 1791 est
2168 1727 2332 1790 hunc
2367 1745 2499 1791 eam
2538 1725 2824 1790 timorem

313 1904 328 1917 ‚
367 1849 431 1901 ιο
453 1817 653 1915 inibo,
682 1834 848 1916 quod
874 1832 1150 1916 proxime
1176 1831 1503 1914 praecessit
1521 1829 1814 1906 membro,
1838 1831 2181 1913 eloquutam
2205 1850 2358 1896 esse.
2413 1830 2649 1907 Quodsi
2671 1830 2824 1894 Her-

461 1922 672 2003 manni
695 1936 1180 2001 emendationem
1208 1935 1454 2019 probes,
1484 1952 1765 2017 perversa
1794 1935 1909 1997 erit
1934 1937 2367 2000 sententiarum
2395 1936 2827 2020 consequutio:

462 2043 663 2125 primo
691 2040 830 2105 loco
859 2040 1138 2105 timorem
1167 2040 1506 2122 eloquetur,
1546 2038 1812 2102 sectmdo
1841 2038 1976 2102 loco
2008 2059 2179 2121 spem
2209 2060 2279 2106 ac
2307 2041 2602 2116 fiduciam,
2647 2040 2825 2105 tertio

463 2147 598 2211 loeo
630 2162 874 2210 causam
897 2145 1156 2209 timoris.
1213 2145 1404 2227 Atque
1432 2144 1553 2207 hoc
1578 2143 1694 2206 iam
1727 2143 2082 2208 Schael’erus
2113 2143 2552 2208 animadvertit:
2594 2152 2829 2222 „nam“,

465 2249 684 2333 inquit,
714 2248 928 2332 „qnod
971 2249 1256 2313 continuo
1307 2249 1577 2330 sequitur
1619 2237 1807 2328 τάμὰ
1847 2242 1972 2329 μὲν
2013 2245 2138 2332 γὰρ
2183 2238 2445 2335 ἀσθενῆ
2497 2248 2827 2313 clarissime

466 2353 727 2418 ostendit
754 2353 818 2416 in
846 2350 1080 2416 Medeae
1106 2353 1506 2436 responsione
1542 2350 1851 2415 meliorem
1884 2352 2137 2416 feminae
2167 2353 2576 2418 conditionem
2608 2353 2832 2417 debere

464 2443 835 2542 praeoedere,
853 2457 1024 2540 sequi
1040 2457 1458 2521 deteriorem.“
1516 2456 1741 2520 Deinde
1760 2474 1886 2519 non
1910 2468 2067 2521 recte
2081 2456 2283 2521 Medea
2312 2457 2537 2522 diceret
2564 2460 2830 2541 Aegeum

465 2549 866 2627 sibi'amicum
897 2562 1027 2625 fore
1055 2561 1183 2626 iure
1211 2560 1460 2626 iurando
1492 2561 1661 2624 dato:
1702 2579 1843 2625 nam
1882 2561 2111 2626 amicus
2143 2561 2385 2645 quidem
2412 2562 2533 2626 iam
2563 2571 2709 2640 erat,
2735 2573 2830 2628 at-

468 2671 596 2750 que'
623 2666 694 2731 id
725 2664 911 2729 modo
953 2665 1048 2730 illa
1088 2666 1421 2742 verebatur,
1459 2673 1526 2729 ut
1566 2665 1711 2728 satis
1751 2664 1963 2729 firmus
2003 2668 2160 2730 foret
2197 2676 2258 2729 et
2300 2667 2459 2731 banc
2505 2667 2828 2731 amicitiam

465 2770 655 2855 pluris
687 2770 902 2834 faceret
930 2789 1106 2854 quam
1138 2768 1617 2833 adversariorum
1647 2768 2164 2851 interpellationes.
2188 2804 2273 2816 —
2290 2769 2407 2834 Sed
2436 2789 2515 2833 ne
2540 2769 2664 2834 hoc
2692 2771 2829 2853 qui-

467 2875 607 2940 dem
634 2881 899 2950 constat,
933 2859 1325 2938 ‘scholiastam
1365 2872 1448 2936 ita
1486 2872 1726 2954 legisse:
1768 2874 1961 2956 potuit
1999 2873 2140 2937 illud
2171 2874 2371 2955 ipsum
2401 2873 2621 2955 legere,
2664 2875 2828 2957 quod

466 2979 542 3043 in*
561 2975 866 3042 codicibus
896 2977 1189 3061 scriptum
1219 2986 1330 3052 est,
1361 2987 1420 3040 et
1449 2976 1635 3040 nihilo
1664 2986 1862 3041 tamen
1894 2978 2095 3040 minus
2123 2977 2326 3040 locum
2357 2976 2438 3040 ita
2463 2986 2533 3040 ut
2563 2978 2703 3042 feeit
2729 2979 2829 3042 in—

467 3082 797 3166 terpretari.
858 3082 1009 3147 Nam
1048 3082 1210 3165 quod
1247 3081 1629 3145 Hermannus
1669 3080 2009 3145 incredibile
2048 3081 2220 3157 dicit,
2260 3082 2684 3162 grammaticos
2728 3082 2829 3165 qui

467 3188 656 3251 hanc
665 3186 1214 3269 interpretationem
1245 3187 1308 3249 in
1336 3185 1601 3249 medium
1632 3185 1985 3249 attinere—
2013 3185 2293 3249 novimus
2317 3193 2516 3250 tamen
2543 3204 2661 3250 nos
2691 3188 2831 3269 qui—

469 3291 605 3372 de'm
634 3277 823 3355 unum
853 3290 1269 3355 tantummodo
1299 3325 1382 3337 —-
1415 3291 1566 3355 adeo
1598 3310 1807 3354 caecos
1837 3291 2050 3367 ruisse,
2088 3297 2156 3353 ut
2192 3308 2318 3353 non
2358 3290 2544 3353 modo
2575 3290 2829 3373 opposi-

471 3394 694 3460 tionem
712 3393 1121 3459 membrorum
1139 3413 1418 3458 corruere
1431 3413 1495 3458 ιιι
1519 3394 1796 3459 codicum
1820 3395 2112 3478 scriptura
2138 3412 2263 3470 non
2279 3393 2831 3490 animadverterent,

471 3499 577 3564 sed
604 3505 685 3563 ne
710 3498 852 3563 illud
875 3499 1116 3582 quidem
1141 3499 1426 3573 viderent,
1450 3498 1822 3582 ineptissime
1845 3497 2000 3561 idem
2024 3499 2214 3562 eidem
2241 3499 2499 3582 opponi,
2529 3490 2829 3584 ὁρκίοισι

468 3598 610 3694 μὲνὶ
621 3597 849 3687 ζυγεὶς
890 3613 951 3667 et
993 3597 1232 3687 λόγοις
1269 3596 1345 3666 δὲ
1388 3598 1651 3684 συμβὰς
1692 3598 1808 3666 καὶ
1853 3598 2039 3666 θεῶν
2082 3596 2443 3684 ἐνώμοτος,
2470 3615 2475 3626 ·
2500 3603 2833 3685 eodemque

471 3707 655 3775 modo
686 3708 864 3772 etiam
887 3715 1203 3790 utramque
1231 3707 1530 3789 apodosin
1549 3706 1709 3769 idem
1740 3707 2069 3771 continere:
2101 3705 2227 3769 scio
2252 3723 2366 3787 ego
2391 3724 2539 3770 sane
2562 3716 2632 3771 ut
2660 3707 2830 3790 quis-

472 3811 732 3896 queipse
746 3819 842 3876 est
854 3812 1253 3889 acutissimus,
1283 3811 1360 3875 ita
1393 3810 1733 3874 difficillime
1756 3810 1902 3874 alios
1931 3810 2175 3874 hebetes
2205 3810 2463 3887 credere,
2493 3810 2600 3875 sed
2628 3818 2829 3882 tamen

472 3921 717 3982 eausam
743 3916 967 3981 nullam
997 3917 1199 3992 video,
1231 3935 1339 3981 cur
1361 3916 1813 3998 grammaticum
1836 3914 2376 3979 istum·acutiorem
2400 3915 2587 3979 ruisse
2610 3925 2829 3987 sumat,

474 4040 655 4104 quam
690 4031 794 4084 aut
842 4020 984 4085 olim
1034 4019 1284 4085 Josuam
1314 4020 1692 4095 Barnesium‚
1735 4029 1839 4083 aut
1878 4028 2087 4083 nostra
2129 4020 2419 4084 memoria
2461 4017 2843 4083 Fridericum‘

474 4127 799 4192 Hem-icum
827 4125 1139 4203 Bothium,
1169 4144 1430 4209 qnorum
1452 4124 1626 4199 alter,
1656 4124 1931 4189 codicum
1959 4123 2272 4188 lectionem
2312 4140 2569 4205 sequens
2609 4132 2672 4187 et
2700 4142 2829 4186 ver-

474 4231 713 4295 sionem
750 4229 870 4294 loci
904 4229 1248 4295 adscribens
1276 4229 1526 4293 hancce:
1569 4228 1662 4294 his
1698 4232 1883 4303 enirn,
1914 4232 1969 4292 si
1992 4231 2127 4292 iure
2153 4229 2413 4292 iurando
2442 4225 2594 4290 ηιιἹιι·
2620 4228 2827 4291 deni*

477 4316 602 4397 σιιιὸ
627 4329 848 4416 fueris,
890 4334 1179 4398 abducere
1218 4332 1548 4397 volentibus
1576 4350 1667 4395 me
1697 4351 1774 4395 ea:
1806 4349 1953 4414 agro
1986 4352 2107 4397 non
2128 4336 2431 4417 permutes
2456 4350 2565 4395 nec
2596 4332 2829 4396 trader:
