3102 4866
1575 300 1664 367 2ss

438 496 575 569 tur,
596 489 851 574 ideoque
875 501 945 555 ut
970 490 1049 556 ab
1073 490 1500 574 interpolatore
1526 489 1814 554 insertam
1855 489 2042 555 recidi
2069 489 2210 565 vult,
2242 508 2301 571 p.
2347 489 2489 555 129.
2575 489 2800 555 Dimis-

441 613 553 662 sus
571 594 813 660 tandem
837 615 871 660 a
894 594 1148 660 Nestore
1168 593 1479 659 Patroclus
1499 594 1800 678 Eurypylo
1829 594 2091 659 occurrit
2117 593 2260 658 item
2290 596 2511 673 saucio,
2540 614 2799 680 eumque

437 707 743 785 petentem
779 699 846 765 in
872 699 1065 783 ipsius
1089 686 1415 765 ‘tunorium
1446 698 1686 765 deducit
1724 698 2070 782 vulnerique
2100 699 2367 764 curando
2405 718 2654 781 operam
2683 700 2802 777 dat,

438 813 651 891 upote
675 823 805 870 non
824 803 1138 888 inperitus
1168 803 1465 870 medendi.
1522 804 1768 870 Interim
1791 803 2001 870 Graeci
2028 824 2063 868 a
2084 803 2364 868 Troianis
2385 803 2539 868 intra
2559 823 2802 869 mun-um

343 928 419 981 17.
443 909 911 993 compelluntur:
948 909 1012 974 hi
1041 930 1078 974 a
1105 909 1381 976 curribus
1409 909 1690 1003 desiliunt
1723 919 1785 974 et
1811 909 1876 974 in
1904 909 2166 993 quinque
2202 908 2439 990 agmina
2465 909 2635 973 divisi
2662 928 2804 984 mu-

439 1014 702 1085 nimenta
752 1033 1094 1099 expugnare
1132 1024 1458 1095 conantur,
1509 1013 1625 1079 alio
1667 1013 1796 1078 aliis
1834 1014 1987 1078 locis
2041 1031 2344 1077 successu.
2431 1013 2585 1078 Nam
2623 1014 2804 1078 Asius

440 1118 683 1203 qnidam
722 1118 1030 1185 sinistram
1072 1129 1409 1185 cestr-orum
1446 1130 1676 1203 partem
1705 1119 1957 1182 adortus
1995 1115 2320 1200 repellitur,
2354 1116 2577 1183 Hector
2605 1125 2818 1181 autem-

441 1241 581 1289 cnm
610 1223 770 1303 suis,
804 1243 998 1308 neque
1036 1225 1237 1289 minus
1268 1223 1612 1308 Sarpedon,
1642 1223 1960 1307 Lyciorum
1988 1223 2137 1297 dux,
2169 1221 2438 1304 quamvis
2467 1221 2806 1287 resistenti-

442 1327 557 1394 bus
596 1328 833 1394 fortiter
868 1328 1140 1405 Graecis,
1181 1327 1407 1393 deiecta
1444 1337 1616 1411 parte
1651 1327 2243 1412 propugnaculorum
2265 1334 2327 1391 et
2365 1336 2538 1410 porta
2565 1328 2807 1391 effracta

440 1431 509 1497 in
549 1441 743 1498 castra
790 1433 1262 1516 introrumpunt.
1369 1432 1435 1495 ln
1484 1432 1605 1497 hoc
1648 1450 1852 1497 rerum
1898 1440 2060 1496 statu
2112 1431 2363 1515 Iupiter,
2404 1431 2806 1495 Troianorum

443 1536 671 1613 fautor,
710 1555 897 1620 quum
936 1537 1132 1601 adhuc
1169 1555 1243 1600 ex
1280 1535 1381 1600 lda
1419 1546 1628 1601 monte
1666 1545 1966 1601 certamen
2005 1535 2405 1612 observasset,
2441 1535 2560 1599 iam
2597 1534 2806 1599 oculos

442 1639 559 1705 alio
599 1641 915 1719 convertit,
949 1641 1253 1705 neminem
1292 1639 1542 1704 deorum
1579 1639 1985 1705 laborantibus
2024 1641 2265 1705 Graecis
2305 1659 2485 1723 opem
2514 1658 2582 1701 se
2621 1638 2807 1702 invito

441 1745 702 1810 laturum
742 1763 880 1809 esse
918 1763 1191 1827 sperans.
1220 1770 1230 1785 ·
1279 1743 1397 1808 Sed
1429 1764 1567 1809 ecce
1592 1744 1936 1827 Neptunus,
1969 1745 2073 1828 qui
2101 1745 2322 1828 etipse
2350 1744 2424 1809 de
2454 1742 2808 1808 Samothra-

445 1849 573 1915 ciae
602 1848 847 1933 specula
885 1848 1187 1932 proelium
1213 1849 1647 1931 contemplatus
1677 1859 1829 1927 erat,
1866 1850 2184 1915 occasione
2222 1849 2408 1913 utitur
2444 1847 2517 1913 ad
2549 1845 2808 1911 Graecos

442 1952 757 2019 iuvandos.
844 1952 1065 2017 Relicta
1095 1951 1509 2016 Samothracia
1535 1954 1726 2035 Aegas
1767 1963 2078 2037 properat,
2119 1973 2310 2038 equos
2350 1952 2546 2018 currui
2598 1950 2808 2032 iungit,

443 2075 557 2142 per
582 2074 750 2121 mare
777 2056 850 2119 ad
879 2056 1046 2120 littus
1076 2054 1404 2121 Troianum
1438 2057 1769 2135 advehitur,
1810 2057 2009 2142 ibique
2045 2079 2225 2125 curru
2262 2057 2468 2123 relicto
2505 2055 2810 2139 proelian-

445 2160 613 2226 tibus
639 2179 708 2225 se
736 2159 952 2225 miscet
978 2168 1039 2224 et
1057 2158 1390 2225 Calchantis
1420 2161 1621 2243 specie
1649 2173 1959 2247 assumpta
1982 2164 2242 2229 Graecos
2272 2164 2561 2238 bortatur,
2590 2161 2811 2236 incitat,

445 2265 667 2330 robore
694 2272 756 2329 et
782 2263 1128 2330 fortitudine
1155 2264 1503 2329 mirabiliter
1541 2276 1735 2346 auget.
1831 2265 2199 2351 Neque-hoc
2227 2267 2392 2333 satis.
2480 2267 2630 2330 Nam
2659 2264 2808 2329 luno

446 2387 692 2454 quoque
722 2367 935 2432 iisdem
974 2367 1245 2452 partibus
1286 2370 1484 2435 favens
1523 2369 1842 2436 consilium
1894 2371 2370 2438 comminiscitur
2379 2395 2412 2453 ,·
2450 2389 2571 2457 quo
2621 2369 2809 2436 tutius

446 2473 544 2539 ille
567 2473 850 2558 perficere
880 2473 1045 2557 quod
1085 2483 1357 2557 coeperat
1395 2473 1610 2557 possit.
1699 2475 1901 2558 ltaque
1938 2476 2240 2561 cingulum
2270 2478 2513 2541 Veneris
2543 2481 2812 2540 mutuata

446 2578 650 2643 Iovem
688 2577 810 2642 adit
844 2577 907 2641 in
938 2577 1039 2643 lda
1079 2578 1381 2643 sedentem
1396 2627 1413 2654 ,
1455 2597 1710 2663 eumque
1740 2580 1958 2663 cinguli
1993 2582 2124 2646 eius
2155 2582 2370 2647 virtute
2413 2581 2476 2645 in
2504 2580 2811 2664 amplexus

450 2701 605 2749 suos
628 2682 816 2761 illicit,
852 2700 922 2747 ac
949 2681 1085 2746 dein
1115 2702 1149 2747 a
1179 2683 1444 2760 Somno,
1474 2703 1654 2767 quem
1686 2684 1920 2749 socium
1951 2686 2260 2764 asciverat,
2289 2685 2596 2768 consopiri
2626 2692 2810 2749 curat.

451 2786 555 2858 Sic
590 2779 990 2866 confidentius
1031 2785 1345 2870 Neptunus
1375 2786 1613 2852 Graecis
1653 2789 1929 2873 opitulari
1969 2792 2188 2875 pergit,
2242 2807 2368 2854 non
2417 2787 2714 2853 hortando
2753 2795 2814 2851 et

452 2889 776 2966 monendo,
807 2887 877 2955 ut
897 2898 1084 2968 antea,
1110 2891 1219 2979 sed
1247 2891 1378 2975 ipse
1399 2910 1538 2956 cum
1567 2892 1684 2957 telo
1715 2894 1935 2972 divino,
1962 2904 2021 2960 et
2049 2896 2145 2960 cui
2170 2894 2369 2959 resisti
2396 2914 2431 2958 a
2461 2892 2811 2958 mortalibus

452 3011 583 3059 non
606 3002 827 3078 potest,
853 2995 1149 3060 Troianos
1176 2995 1548 3078 aggrediens.
1621 2996 1707 3062 lta
1734 2997 1868 3062 belli
1910 3000 2149 3065 fortuna
2176 2998 2565 3064 convertitur:
2593 2997 2815 3060 Hector

453 3099 586 3183 ipse
625 3098 701 3163 ah
733 3098 906 3164 Aiace
941 3099 1281 3165 vulneratus
1319 3101 1639 3183 animoque
1677 3101 1954 3168 deficiens
1993 3104 2069 3169 ad
2097 3103 2400 3168 Xanthum
2440 3102 2812 3174 fluviumre-

304 3219 313 3228 ·
452 3211 743 3288 portatur,
768 3202 1014 3268 Troiani
1042 3213 1239 3269 autem
1269 3205 1479 3270 cestn‘s
1509 3205 1720 3270 cedere
1760 3218 2076 3291 coguntur.
2141 3208 2313 3273 Tunc
2338 3206 2564 3291 Iupiter
2590 3223 2812 3270 somno

456 3306 692 3372 solutus
752 3308 1247 3392 conspicatusque
1306 3309 1463 3374 hanc
1513 3319 1741 3374 tantam
1796 3331 2000 3378 rerum
2058 3311 2513 3378 conversionem
2563 3308 2816 3393 graviter

456 3430 708 3476 uxorem
741 3411 1032 3496 increpat,
1070 3411 1414 3496 Neptunum
1457 3414 1659 3480 statim
1697 3407 1927 3499 proelio
1957 3417 2241 3483 excedere
2275 3416 2467 3493 iubet,
2497 3416 2815 3480 Hectorem
2913 3400 2922 3409 “

455 3523 657 3580 antem
692 3515 855 3580 refici
895 3516 968 3581 ab
1005 3517 1278 3601 Apolline
1314 3526 1374 3581 et
1408 3519 1632 3585 viribus
1673 3523 1874 3604 augeri
1916 3534 2099 3588 curat.
2200 3522 2302 3588 Sic
2338 3520 2536 3588 denuo
2573 3516 2816 3584 Troiani

454 3619 797 3703 superiores
826 3620 1002 3698 flunt,
1038 3629 1231 3686 castra
1271 3621 1489 3687 iterum
1518 3625 1899 3703 adoriuntur,
1939 3628 2152 3692 vallum
2191 3629 2268 3693 ab
2294 3625 2568 3711 Apolline
2596 3640 2816 3705 proru-

453 3730 585 3788 tum
622 3723 790 3789 facile
821 3725 1310 3801 transscendunt,
1354 3746 1688 3813 magnaque
1721 3729 1783 3793 in
1824 3730 1979 3815 ipsis
2021 3732 2229 3797 castris
2269 3740 2469 3812 strage
2496 3726 2649 3792 edita
2699 3743 2838 3807 po-„

457 3834 685 3914 memo
735 3827 933 3912 ignem
972 3828 1222 3893 navibus
1274 3829 1515 3897 iniicere
1563 3842 1791 3916 parant.
1879 3831 2054 3901 Nunc
2104 3836 2346 3901 demum
2386 3832 2698 3899 Patroclus
2740 3827 2815 3892 ad

453 3930 740 3996 Achillem
766 3932 948 4010 redit,
977 3933 1296 4017 multisque
1327 3954 1466 4001 cum
1494 3937 1753 4002 lacrimis
1790 3939 2061 4022 exposita
2091 3939 2453 4007 Graecorum
2496 3935 2657 4000 clade
2698 3933 2817 3997 im-

454 4043 672 4118 petrat,
722 4043 787 4100 ut
825 4055 963 4101 cum
998 4037 1471 4121 Myrmidonibus
1508 4041 1582 4106 ad
1625 4062 1804 4128 opem
1854 4045 2158 4110 ferendam
2212 4044 2558 4110 dimittatur.
2658 4036 2818 4101 Haec

455 4151 551 4205 est
573 4139 771 4205 brevis
806 4158 1045 4224 'summa
1085 4161 1291 4207 rerum
1328 4164 1437 4228 per
1464 4156 1748 4230 quattuor
1783 4148 1998 4227 libros,
2034 4148 2374 4226 xl-xlv,
2413 4150 2814 4212 narratarum:

453 4261 597 4309 nam
624 4246 1149 4328 praetermittenda
1166 4249 1406 4314 fuerumt
1434 4252 1689 4334 plurima
1720 4254 2096 4337 singulorum
2122 4253 2458 4327 certamina,
2488 4253 2550 4316 in
2579 4251 2818 4336 quibus,

452 4347 630 4413 etiam
671 4348 727 4412 si
765 4350 838 4414 ad
876 4350 1061 4417 totius
1101 4352 1310 4433 proelii
1360 4365 1637 4420 eventum
1679 4358 1899 4424 nullius
1949 4368 2051 4428 aut
2087 4360 2278 4443 exigui
2328 4357 2617 4423 momenti
2654 4366 2815 4434 sunt,

1485 4490 1526 4531 Ο
