3102 4866
1415 276 1539 352 1³73

304 471 510 557 credo,
540 454 720 562 quam
748 477 912 562 quod
940 474 1260 560 Klausenio
1289 473 1526 559 placuit,
1556 472 1782 537 fulmen
1812 472 2001 536 omlis
2022 464 2490 549 lovisemissum
2514 468 2653 533 diei.

303 582 698 648 scribendum
726 580 841 648 erit
868 573 1040 662 ὀξυς.
1149 612 1156 619 ·
1972 622 1981 629 -
2524 610 2535 621 ⁴
2587 612 2595 621 ·

463 687 784 771 Denique
765 705 830 752 m
860 687 1055 771 epodo
1083 706 1139 750 v.
1169 687 1298 751 454
1327 682 1562 750 eodioes
1591 680 1838 746 habent.

707 784 920 856 πόλιν
963 782 1157 878 dique
1157 810 1186 855 ι
1228 783 1371 856 θοὰ
1410 781 1639 873 βάξις·
1682 777 1746 850 εἶ
1790 775 2217 872 δ’ἒτητύμως,

698 886 816 972 τίς
859 809 1157 972 omega
1120 882 1170 980 ἤ
1208 912 1323 957 τοι
1363 884 1560 956 θεῖόν
1602 882 1750 955 ἐστι
1790 881 1883 976 μὴ
1925 879 2195 971 ψόθοςς
2406 930 2419 943 ⁴
2472 938 2477 943 .

181 990 188 999 ’
299 996 681 1063 Hermannns
710 991 1032 1085 ἐτήτυμος
1057 996 1328 1080 scripsit,
1360 1014 1497 1061 cum
1524 995 1784 1077 Auram,
1813 1001 1874 1057 et
1898 980 1978 1056 εἴ
1993 1010 2068 1056 τι
2088 1009 2203 1075 pro
2232 980 2281 1078 ἤ
2320 1010 2452 1057 τοι.
2538 991 2650 1057 Est

302 1110 503 1166 autem
533 1101 623 1167 vel
652 1100 742 1165 sic
767 1118 1056 1184 perquam
1095 1099 1395 1181 inelegans
1433 1099 1656 1164 oratio:
1692 1114 2027 1163 verusne
2045 1097 2147 1161 sit
2171 1114 2327 1162 rum
2343 1114 2450 1173 or,
2484 1096 2654 1179 quis

302 1204 489 1270 scit?
517 1204 664 1270 nisi
687 1203 931 1268 divina
953 1204 1194 1286 aliqua
1217 1204 1421 1268 fraus
1444 1211 1574 1266 est.
1619 1201 1769 1266 Nam
1785 1220 1971 1286 quum
1993 1201 2163 1285 prius
2177 1200 2323 1265 illud
2343 1196 2656 1266 verusne

301 1310 400 1375 sit
418 1327 692 1385 rumor,
714 1308 879 1392 quis
906 1304 1090 1373 scit?
1113 1306 1392 1371 ostendat
1410 1325 1570 1382 eum,
1593 1306 1696 1388 qui
1718 1306 1806 1370 sic
1826 1306 2170 1389 interrogat,
2196 1305 2272 1369 de
2289 1305 2531 1370 veritate
2549 1324 2658 1370 ru·

299 1413 491 1478 moris
514 1411 799 1487 dubitare,
822 1430 947 1477 non
971 1409 1360 1476 conveniebat
1378 1409 1520 1474 huic
1533 1408 1890 1474 dubitationi
1910 1409 2054 1476 illud
2074 1410 2222 1475 nisi
2235 1445 2339 1488 -‚
2359 1409 2423 1475 h.
2437 1430 2493 1473 e.
2506 1426 2658 1474 oon-

300 1517 588 1582 ditionem
618 1516 947 1599 negativam
977 1514 1243 1599 adiungi,
1284 1513 1452 1597 quasi
1480 1512 1699 1595 aliquid
1722 1513 1810 1577 ini
1839 1513 2194 1580 dubitationi
2230 1523 2656 1601 opponeretur.

301 1621 458 1686 Nam
484 1621 630 1686 nisi
659 1620 750 1686 sic
769 1621 1014 1685 demum
1041 1627 1202 1685 recte
1230 1619 1551 1692 diceretur,
1584 1618 1637 1681 si
1668 1617 1979 1702 superiora
2009 1620 2184 1685 verba
2214 1621 2657 1698 confidentiam,

299 1744 430 1790 non
458 1724 889 1790 dubitationem
918 1723 1338 1804 significarent.
1422 1719 1693 1796 Accedit,
1724 1722 1889 1804 quod
1911 1721 2087 1787 etiam
2118 1717 2215 1811 μή
2244 1724 2380 1789 1000
2412 1725 2658 1792 insolito

297 1830 568 1912 positum
583 1829 803 1894 iustam
823 1826 1218 1892 offensionem
1239 1826 1433 1892 babet.
1479 1826 1685 1908 ltaque
1699 1825 2079 1892 scribendum
2104 1836 2227 1893 est:
2254 1820 2402 1895 οὐδ’
2418 1823 2657 1918 ἐτητύ-

225 1925 234 1931 ’
296 1954 447 2016 μως
471 1954 580 2012 τις
609 1920 816 2010 οἶδεν,
845 1922 893 2018 ἤ
918 1952 992 1997 τι
1019 1924 1217 1997 θεῖόν
1243 1918 1510 1997 ἐστιν
1460 1952 1502 2018 η
1537 1922 1794 2015 ψύθος.
1847 1930 1998 1995 Ν8ιιι
2028 1925 2389 2018 ἐτητύμως
2398 1925 2653 1999 ειδέναι
2689 1937 2758 1991 29

297 2037 491 2122 proba
515 2036 789 2121 loquutio
820 2044 942 2113 est,
974 2054 1091 2119 qua
1119 2037 1306 2101 utitur
1333 2034 1658 2119 Aeschylus
1689 2036 1866 2100 etiam
1903 2022 2059 2101 infra
2083 2036 2373 2102 v.1255:
2416 2029 2471 2124 ἤ
2495 2073 2584 2086 --
2612 2027 2660 2126 ἤ

297 2161 418 2226 pro
461 2135 751 2229 πότερον
775 2176 863 2188 -
891 2129 938 2226 ἤ
972 2157 1101 2204 non
1139 2141 1342 2205 solum
1378 2139 1533 2223 epici
1562 2140 1793 2217 dicunt,
1839 2139 1914 2204 de
1950 2140 2167 2224 quibus
2196 2158 2379 2206 nemo
2406 2142 2657 2217 dubitat,

298 2246 412 2311 sed
438 2245 615 2310 etiam
641 2244 873 2327 tragici,
905 2242 982 2307 de
1010 2242 1225 2326 quibus
1255 2243 1387 2308 sine
1415 2262 1594 2308 causa
1620 2244 1999 2310 Hermannus
2030 2246 2498 2310 controversiam
2518 2264 2660 2341 mo·

298 2351 387 2415 vit
413 2350 488 2415 ad
515 2347 760 2415 Elmslei
787 2347 928 2413 edit.
956 2346 1213 2425 Medeae,
1243 2347 1548 2431 inopusc.
1578 2349 1660 2413 111
1690 2368 1748 2432 p.
1790 2348 1929 2414 198.
1989 2348 2281 2432 Aeschylo
2312 2358 2471 2414 certe
2498 2350 2662 2414 hunc
2692 2430 2701 2441 ἢ

298 2475 484 2521 usum
512 2455 690 2519 etiam
718 2452 1110 2517 Doederlinus
1142 2452 1415 2517 coneedit
1443 2453 1519 2517 ad
1547 2453 1739 2537 Soph.
1770 2453 1917 2518 Oed.
1948 2454 2075 2519 Col.
2103 2474 2159 2517 v.
2189 2454 2294 2519 80.
2338 2483 2356 2496 ·
2390 2488 2397 2496 ·

477 2558 757 2641 Sequitur
784 2556 1036 2621 alterum
1066 2555 1433 2640 episodium,
1464 2576 1515 2621 a.
1547 2577 1600 2619 v.
1634 2557 1761 2623 480
1791 2559 1868 2622 8(1
1896 2578 1951 2622 v.
1985 2558 2131 2634 659,
2162 2576 2301 2623 cum
2320 2559 2659 2625 narratione

298 2657 525 2742 nuntii,
556 2663 620 2727 in
649 2681 766 2745 qua
793 2680 982 2745 pauca
1012 2660 1304 2744 quaedam
1339 2671 1401 2726 et
1426 2661 1645 2728 leviora
1684 2662 1819 2727 vitia
1850 2662 2219 2730 emendanda
2246 2663 2428 2728 nobis
2458 2663 2657 2727 relicta
2708 2647 2719 2655 ⁸

300 2777 466 2832 sunt.
516 2767 789 2832 Primum
816 2765 978 2829 enim
1004 2784 1060 2828 v.
1093 2764 1239 2844 615,

714 2859 1015 2957 εὔφημον
1054 2855 1234 2957 ἦμαρ
1278 2892 1356 2936 ου
1399 2866 1657 2956 πρέπει
1701 2863 2103 2959 κακαγγέλῳ

711 2966 980 3062 γλώσσῃ
1022 2966 1348 3057 μιαίνειν·
1390 2968 1596 3062 χωρὶς
1636 2966 1678 3061 ἦ
1722 2970 1892 3062 τιμή
1917 2972 2139 3040 θεῶν.

299 3097 513 3143 vereor
539 3087 607 3143 ut
634 3076 880 3163 probari
908 3078 1106 3161 possit
1130 3078 1458 3142 Hei-manni
1485 3078 1802 3156 iudicium,
1836 3078 1943 3163 qui
1968 3091 2277 3162 postrema
2303 3081 2480 3146 verba
2511 3100 2658 3147 con-

301 3182 480 3247 vertit
497 3182 890 3267 praemium
914 3183 1071 3248 sine
1092 3182 1235 3247 diis
1265 3190 1404 3260 est,
1434 3183 1913 3266 sententiamque
1932 3183 2244 3249 hanc-esse
2263 3184 2658 3269 vult:.„prae-

299 3286 493 3351 mium
541 3286 752 3370 acdpit
798 3286 1096 3351 malorum
1137 3286 1201 3350 in
1238 3306 1305 3351 re
1338 3285 1487 3351 laeta
1521 3288 1768 3352 nuntius
1806 3288 1947 3366 tale,
1987 3289 2083 3354 cui
2123 3306 2252 3353 non
2282 3291 2482 3354 favent
2515 3288 2655 3354 dii.⁴‘

299 3390 476 3456 Certe
524 3391 778 3473 graviter
824 3389 1251 3474 vituperandus
1301 3392 1460 3455 foret
1508 3401 1716 3475 poeta,
1755 3392 1808 3456 si
1844 3391 2020 3457 talem
2060 3394 2659 3472 sententiam‚ma1is

300 3494 531 3559 nuntiis
553 3494 706 3559 mala
732 3494 993 3578 praemia
1017 3494 1376 3577 contingere,
1404 3504 1525 3560 tam
1549 3488 1826 3579 perplexe
1847 3497 2042 3580 eloqui
2067 3499 2365 3564 voluisset.
2416 3498 2657 3563 Rectius

303 3598 605 3665 Stauleius
635 3597 848 3683 aliique
875 3598 1228 3663 sententiam
1267 3598 1427 3692 hanc
1463 3618 1602 3665 esse
1637 3601 2000 3666 iudicarunt:
2037 3602 2336 3668 honorem
2373 3603 2486 3667 diis
2514 3602 2656 3667 alias

299 3703 435 3769 aliis
463 3702 801 3788 habendum
831 3723 969 3769 esse
1003 3703 1066 3768 h.
1108 3724 1160 3769 e.
1201 3722 1315 3768 suo
1345 3704 1637 3787 cuiusque
1664 3713 1966 3789 tempore,
2001 3724 2117 3771 nec
2157 3707 2560 3792 propitiorum
2598 3717 2660 3772 et

302 3809 662 3873 infestorum
700 3808 1018 3873 numinum
1055 3808 1320 3873 honores
1359 3809 1704 3874 miscendos
1744 3818 1923 3893 atque
1960 3810 2439 3877 confundendos.
2505 3814 2655 3877 Eam

302 3912 658 3977 sententiam
698 3911 1049 3994 Aeschylum
1089 3912 1179 3977 sic
1206 3913 1555 3997 eloquutum
1581 3933 1721 3979 esse
1749 3916 1957 3980 credo:
1996 3910 2200 4001 χωρὶς
2236 3908 2283 4002 ἦ
2326 3912 2491 4002 τιμὴ
2532 3918 2658 3995 (vel

303 4016 468 4101 quod
505 4016 703 4081 verius
739 4023 919 4099 puto,
972 4005 1048 4079 αἱ
1087 4012 1322 4099 τιμαὶ)
1365 4016 1593 4096 &solet
1632 4018 1774 4083 diis
1816 4020 1927 4083 sui
1966 4020 2224 4103 cuique
2260 4021 2654 4104 separatim

299 4123 620 4186 honores
648 4118 989 4196 habendi,
1028 4120 1141 4184 alio
1171 4128 1444 4204 tempore
1482 4122 1586 4200 iis,
1625 4123 1728 4205 qui
1764 4121 2010 4206 propitii
2049 4131 2219 4200 sunt,
2256 4124 2410 4189 laeto
2448 4126 2653 4198 animo

302 4235 501 4310 grates
532 4225 819 4309 agendae,
850 4224 964 4316 alio
994 4232 1269 4308 tempore
1293 4225 1437 4304 illis,
1467 4228 1573 4309 qui
1614 4225 1769 4290 mala
1797 4226 2150 4305 immittunt,
2178 4227 2543 4311 planctus-et
2567 4230 2656 4295 la·

301 4339 505 4396 menta
536 4330 846 4396 debentur.
897 4365 984 4378 -—
1034 4328 1550 4396 Terminationum
1591 4318 1950 4414 permutatio
1988 4333 2259 4397 etiam-v.
2289 4333 2416 4399 618
2445 4335 2655 4401 vitium
