3102 4866
402 478 751 556 argumenta
790 490 980 537 unum
1020 488 1263 536 carmen
1301 468 1674 554 suppedidet.
1743 470 2049 547 Quaenam
2088 478 2292 534 essent
2325 487 2400 534 ex
2431 466 2612 533 Iliade
2661 476 2766 532 aut

408 561 676 662 Odyssea
704 577 1042 659 tragoediae
1072 577 1305 653 ductae,
1334 573 1682 639 Aristoteles
1710 572 1972 640 indicere
1997 574 2282 658 neglexit:
2323 593 2395 638 ex
2421 572 2762 657 interpreti-

403 682 525 748 hus
561 690 761 747 autem
804 681 1135 771 Aristotelis
1171 700 1364 758 unus,
1406 680 1507 763 qui
1537 677 1654 742 sihi
1681 677 2039 745 intellexisse
2066 679 2390 755 videretur,
2423 696 2551 741 non
2577 696 2762 742 unam

400 796 505 852 aut
533 786 713 862 duas,
754 787 859 849 sed
899 786 1078 869 longe
1107 787 1310 871 plures
1349 807 1422 852 ex
1458 779 1717 872 utroque
1748 788 2009 853 carmine
2043 782 2378 867 tragoedias
2418 782 2764 865 desumptas

400 909 553 965 esse,
581 898 897 973 propterea
927 897 1120 955 totum
1150 892 1316 956 hunc
1340 892 1542 958 locum
1566 910 1692 957 non
1714 894 1788 957 ah
1817 894 1953 978 ipso
1977 888 2306 964 Aristotele,
2334 885 2442 951 sed
2465 886 2541 951 ab
2560 885 2764 968 inepto

407 993 695 1077 quopiam
744 993 1171 1077 interpolatore
1224 995 1518 1080 scriptum
1572 1017 1705 1062 esse
1755 994 2080 1062 contendit.
2169 993 2524 1071 „Multae“
2574 991 2767 1074 inquit

407 1107 523 1175 ,·‚et
548 1098 712 1181 peti
741 1108 1061 1181 possunt
1087 1108 1155 1164 et
1177 1101 1452 1183 petitae
1482 1110 1659 1167 sunt
1687 1122 1768 1165 ex
1800 1101 2019 1167 Iliade
2048 1107 2116 1162 et
2137 1096 2458 1181 Odyssea
2486 1104 2766 1178 tragoe-

406 1202 597 1280 diae,
624 1203 830 1267 verbi
859 1223 1081 1269 causa
1111 1205 1446 1289 Aeschyli
1478 1206 1999 1289 Myrmidones,
2037 1201 2412 1280 Nereides,
2449 1196 2768 1285 Phryges

408 1299 811 1392 (Έκτορος
849 1300 1162 1394 λύτρα),
1193 1306 1405 1374 etiam
1446 1301 1962 1392 Ψυχοστασία
2003 1310 2464 1390 (quamquam
2502 1324 2768 1389 perso-

407 1428 662 1476 narum
689 1413 989 1476 nomina
1019 1421 1088 1476 et
1116 1413 1264 1476 rata
1294 1433 1376 1476 ex
1403 1413 1688 1478 Arctini
1716 1412 1983 1479 Milesii
2012 1408 2443 1493 Aethiopide
2484 1417 2770 1494 sumpta

378 1518 690 1595 erant),
719 1517 1210 1600 Psychagogi,
1253 1516 1657 1602 Penelopa,
1708 1517 2113 1602 Sophoclis
2157 1515 2497 1598 Chryses,
2538 1515 2770 1598 Phry-

268 1616 285 1711 J
408 1639 563 1704 ges,
595 1620 1002 1705 Thamyris,
1033 1620 1257 1705 Tyro,
1283 1621 1675 1706 Sisyphus,
1700 1623 2052 1688 Nausicaa
2078 1619 2486 1702 (satyrica),
2506 1619 2770 1684 Phaea-

317 1739 375 1792 13
421 1743 543 1789 ces
575 1724 987 1808 (satyrica),
1018 1725 1343 1808 aliaeque
1372 1725 1826 1808 aliorum.*)“
1887 1725 2184 1791 Nimirum
2216 1722 2479 1787 ostendit
2503 1722 2593 1787 vir
2622 1722 2770 1786 doc-

420 1827 717 1905 tissimus,
747 1847 814 1891 se
841 1847 955 1893 nec
981 1829 1314 1894 Aristotelis
1344 1833 1704 1898 sententiam
1733 1833 1877 1896 satis
1919 1828 2330 1913 perspexisse,
2368 1845 2480 1891 nec
2509 1828 2583 1892 de
2617 1826 2770 1910 ipsis

409 1932 522 1997 illis
565 1933 910 2015 tragoediis,
953 1952 1204 2017 quarum
1243 1936 1490 2001 nomina
1522 1937 1853 2020 congessit,
1884 1943 2042 2000 recte
2069 1933 2348 1998 iudicare.
2407 1931 2559 1996 Nam
2588 1939 2658 1996 ut
2698 1929 2773 1993 ab

247 2082 253 2088 ·
332 2064 344 2107 ι
412 2057 481 2102 ea
520 2037 832 2121 incipiam,
887 2037 950 2101 in
991 2058 1107 2121 qua
1147 2039 1279 2122 ipse
1334 2041 1630 2123 quandam
1670 2041 1892 2104 erroris
1933 2038 2025 2104 sui
2079 2036 2504 2102 conscientiam
2549 2034 2771 2119 prodit,

145 2138 151 2145 ”
204 2212 207 2215 ,
249 2204 257 2211 .
327 2126 347 2207 3.
409 2141 684 2226 Aeschyli
709 2140 1191 2225 Psychostasiam
1222 2152 1458 2208 constat
1485 2152 1779 2209 versatam
1808 2163 1944 2209 esse
1972 2144 2035 2208 in
2063 2142 2400 2207 Memnonis
2431 2143 2572 2217 fato,
2604 2140 2773 2204 cuius

260 2324 266 2333 ,
340 2246 351 2327 ζ
412 2246 638 2312 fabulae
677 2247 836 2329 apud
876 2246 1206 2311 Homerum
1249 2248 1407 2312 nulla
1447 2268 1705 2331 prorsus
1746 2249 1971 2312 mentio
2015 2248 2107 2323 fit,
2159 2248 2265 2311 sed
2313 2246 2605 2311 cecinerat
2640 2264 2774 2309 eam

260 2386 289 2396 ··
414 2351 695 2416 Arctinus
724 2350 789 2414 in
818 2350 1455 2435 Aethiopide.1taque
1484 2361 1900 2435 argumentum
1931 2352 2266 2433 tragoediae
2288 2370 2431 2415 suae
2453 2349 2774 2433 Aeschylus
2858 2406 2868 2413 .

128 2441 133 2448 ’
324 2483 351 2548 j
415 2478 489 2522 ex
518 2456 785 2520 Homero
825 2463 1024 2538 petere
1063 2456 1225 2520 nullo
1266 2456 1450 2521 modo
1493 2457 1712 2540 potuit:
1766 2456 1907 2520 illud
1944 2475 2137 2521 unum
2175 2455 2556 2523 transtulisse
2592 2475 2663 2519 ex
2702 2473 2774 2519 eo
2887 2469 2892 2472 ’

348 2575 358 2588 ·
416 2543 660 2638 dicitur,
703 2561 894 2642 quod,
952 2579 1135 2643 quum
1177 2560 1478 2626 Homerus
1515 2546 1720 2625 Iovem
1779 2554 1991 2647 κῆρας
2029 2560 2270 2625 Achillis
2312 2570 2371 2625 et
2398 2559 2674 2625 Hectoris
2712 2560 2777 2623 in

416 2665 638 2731 trutina
678 2665 1139 2747 suspendentem
1180 2666 1386 2749 fingat,
1438 2665 1568 2749 ipse
1608 2684 1746 2730 eum
1794 2665 2025 2729 animas
2068 2664 2306 2729 Achillis
2346 2673 2405 2730 et
2439 2664 2776 2730 Memnonis

415 2767 802 2835 trutinantem
837 2768 1081 2832 induxit.
1150 2768 1273 2834 Nec
1315 2770 1515 2835 minus
1557 2770 1907 2834 manifestus
1941 2788 2113 2832 error
2141 2769 2204 2833 in
2233 2769 2635 2853 Psychagogis
2666 2777 2774 2832 est.

160 2953 177 2974 -.
416 2875 572 2939 Nam
609 2873 748 2938 licet
790 2871 968 2936 etiam
1006 2872 1069 2936 in
1108 2871 1406 2956 Odysseae
1444 2882 1615 2956 parte
1651 2882 1959 2957 postrema
1996 2872 2323 2937 Mercurius
2375 2867 2779 2961 ψυχαγωγός

17 2982 45 3007 ·’·
152 2983 190 3058 ,ζ
298 2993 304 2998 ·
364 3031 375 3074 ¹
417 2979 868 3062 sit-'procorum
897 2976 1125 3041 animas
1155 2977 1220 3041 in
1273 2977 1493 3042 Orcum
1526 2978 1845 3055 deducens,
1885 2976 2154 3061 Aeschyli
2183 2985 2383 3041 tamen
2412 2976 2778 3059 tragoediam

348 3084 377 3148 ἱ
417 3081 546 3148 non
575 3084 638 3148 in
668 3083 782 3147 hac
809 3081 1041 3158 fabula,
1089 3083 1195 3145 sed
1233 3081 1297 3145 in
1326 3082 1506 3146 rehus
1538 3082 1726 3147 multo
1756 3080 2220 3165 posterioribus,
2273 3080 2474 3163 quales
2516 3080 2579 3144 in
2607 3080 2777 3144 Tele-

66 3263 77 3278 τ
146 3160 167 3234 ᾗ·
214 3190 243 3275 ᾗ
290 3201 305 3248 .·
367 3185 381 3265 2
420 3179 894 3267 gonia‘narratae
922 3193 1107 3260 erant,
1129 3194 1426 3251 versatam
1455 3205 1588 3250 esse
1610 3206 1644 3249 e
1667 3187 1853 3259 schol.
1883 3185 1957 3250 ad
1988 3185 2201 3268 Odyss.
2253 3183 2352 3261 XI,
2389 3185 2510 3248 145
2535 3183 2779 3266 intelligi

76 3329 89 3354 ι
266 3348 273 3354 ,
323 3318 329 3324 ·
368 3282 639 3379 ξῬοῑεεῐ.
732 3288 890 3366 Quid
920 3297 1117 3352 autem
1159 3289 1233 3352 de
1263 3289 1599 3372 Sophoclea
1631 3290 1789 3373 Tyro
1836 3286 2078 3354 dicam?
2138 3290 2309 3372 Apud
2339 3287 2669 3352 Homerum
2705 3287 2779 3351 de

412 3392 513 3456 1113
541 3392 784 3457 muliere
812 3392 961 3457 nihil
989 3391 1145 3456 aliud
1176 3403 1468 3472 narratur,
1501 3394 1617 3459 nisi
1647 3414 1681 3458 a
1711 3393 1990 3477 Neptuno
2038 3391 2149 3457 sub
2179 3393 2409 3475 Enipei,
2438 3412 2620 3476 quem
2650 3391 2779 3474 ipsa

114 3520 121 3530 ·
161 3580 169 3588 .
232 3529 245 3552 ι
285 3553 295 3566 ,
376 3479 745 3638 {ideperihau
777 3496 978 3579 specie
1010 3516 1421 3581 compressam
1445 3499 1601 3563 duos
1624 3497 1797 3575 filios,
1827 3496 2143 3562 Nestorem
2166 3507 2226 3561 et
2246 3497 2487 3574 Peliam,
2519 3514 2780 3578 moxque
3011 3566 3026 3582 v

202 3671 221 3680 ,Ἴ
418 3601 796 3666 excretheo
840 3600 1563 3677 Aesonem,Phe1-etem,
1617 3602 2084 3686 Amythaonem
2102 3601 2428 3685 peperisse.
2517 3600 2629 3665 Od.
2683 3599 2779 3678 XI,
2906 3604 2914 3646 ἱ

232 3693 287 3777 {³-
382 3620 549 3798 :²235
598 3724 729 3787 sqq.
819 3688 1047 3771 Hocine
1096 3706 1276 3788 igitur
1313 3706 1684 3787 Sophocleae
1736 3706 2076 3788 tragoediae
2127 3714 2543 3788 argumentum
2594 3704 2779 3769 fuisse

118 3799 131 3851 2
182 3797 261 3906 ³2}-
290 3834 357 3894 πρ,
392 3806 808 3892 putabimus?
849 3809 1043 3874 Immo
1068 3810 1214 3875 alios
1238 3809 1334 3874 ille
1356 3818 1632 3875 auctores
1658 3810 1884 3886 habuit,
1915 3812 2015 3893 qui
2040 3808 2234 3892 Tyrus
2260 3809 2515 3875 rabulam
2535 3807 2777 3874 uberius

60 3929 69 3942 “
124 3910 147 3932 “’
260 3911 322 3986 :s
394 3907 767 3998 ‘persequuti
802 3896 996 3993 erant,
1037 3914 1370 3979 Hesiodum
1409 3916 1694 3990 fortasse,
1735 3914 1837 3997 qui
1881 3933 2068 3998 quum
2110 3913 2183 3977 de
2213 3922 2382 3997 patre
2412 3913 2604 3996 Tyrus
2646 3910 2777 3975 Sal-

66 3991 101 4008 'A
124 4037 141 4060 ²
418 4036 670 4094 moneo,
701 4018 961 4102 itemque
999 4018 1072 4082 de
1108 4018 1236 4082 eius
1275 4020 1537 4101 posteris
1580 4019 2034 4102 exposuerim),
2076 4018 2254 4082 etiam
2293 4017 2485 4102 ipsius
2515 4015 2777 4081 rabulam

554 4169 600 4236 *)
651 4169 842 4223 Ritter.
887 4171 953 4223 nd
976 4170 1070 4225 Ar.
1118 4172 1266 4227 Poet.
1317 4191 1366 4245 p.
1395 4175 1514 4229 248.

555 4255 609 4320 4)
656 4255 775 4309 Vid.
803 4258 962 4311 schol.
1014 4259 1109 4327 Od,
1134 4259 1250 4330 ΧΠ,
1290 4261 1373 4313 70.
1406 4264 1566 4317 schol.
1609 4263 1754 4317 Pind.
1779 4261 1945 4328 Nem.
1971 4261 2057 4330 111,
2123 4261 2210 4315 92.
2253 4259 2427 4330 Steph.
2476 4258 2602 4327 Byz.
2645 4272 2689 4309 s.
2725 4272 2775 4314 v.

22 4405 27 4414 ¹
101 4315 105 4322 ⁸
138 4371 153 4384 ,
182 4323 213 4357 -’
411 4342 640 4398 Αἴσων.
690 4340 876 4398 Tzetz.
923 4346 987 4399 ad
1009 4346 1268 4417 Lycophr.
1293 4364 1346 4401 v.
1374 4347 1494 4401 284.
