3102 4866
337 929 404 982 ³5

1066 160 1152 206 Γ-

1556 302 1685 371 240

446 499 752 566 dicebatur
777 495 1162 587 ναυκληρεῖν
1185 491 1307 585 τήν
1333 487 1694 561 συνοικίαν.
1753 495 1883 562 vid.
1911 496 2058 561 Isse.
2088 495 2164 560 de
2191 493 2452 562 Nicostr.
2479 497 2609 561 her.
2641 499 2703 575 §-
2729 492 2809 558 19

447 623 585 671 cum
626 624 845 671 comm.
886 623 948 687 p.
981 601 1129 669 333.
1207 602 1300 667 Et*
1320 602 1476 666 hanc
1519 599 1603 665 ob
1639 619 1879 667 causam
1929 601 2073 666 huic
2110 599 2384 684 quaestui
2420 600 2811 665 Philodemus

448 709 652 775 statim
678 707 945 774 adiunxit
970 725 1126 785 etim,
1155 707 1258 791 qui
1287 723 1598 772 servorum
1629 704 2027 787 pensionibus
2058 711 2315 769 constat.
2365 703 2515 769 Nam
2543 702 2647 787 qui
2676 722 2812 768 ser-

446 831 558 878 vos
585 811 882 877 habebant
906 819 1092 876 artem
1115 810 1371 895 aliquam
1401 818 1505 874 aut
1535 806 1844 892 opificium
1869 809 2162 885 canentes,
2190 808 2259 873 bi
2279 826 2389 873 eos
2409 816 2515 896 aut
2538 807 2604 870 iu
2628 806 2812 872 fabri-

450 915 538 981 cis
567 907 1078 1005 (ἐργαστηρίοις)
1102 914 1215 980 sub
1237 913 1523 996 magistro
1546 901 1866 999 (ἡγεμόνι,
1895 905 2281 1000 ἐπιτρόπῳ)
2304 911 2683 989 coniunctos,
2710 920 2813 976 aut

445 1018 623 1085 etiam
662 1019 930 1102 singulos
969 1017 1290 1103 separatim
1328 1035 1486 1100 opus
1525 1016 1719 1081 facere
1754 1015 2037 1082 iubebant
2081 1026 2143 1082 et
2190 1016 2266 1082 de
2310 1015 2584 1082 mercede
2630 1034 2813 1098 quam
2895 1100 2899 1107 ¹

444 1123 810 1189 meruissent
845 1131 1035 1189 certas
1073 1123 1224 1207 ipsis
1263 1121 1605 1206 pensiones.
1629 1115 1875 1209 (φορὰς
1911 1139 1962 1185 s.
2011 1112 2399 1210 ἀποφοράς)
2448 1119 2813 1205 persolvere.

446 1227 536 1293 ct.
578 1229 892 1313 Antiquitt.
921 1229 960 1293 i.
994 1247 1056 1312 p.
1088 1227 1189 1318 Gr.
1220 1245 1283 1311 p.
1319 1225 1444 1293 186
1482 1244 1576 1309 sq.
1646 1225 1821 1291 Htmc
1854 1225 2037 1309 igitur
2070 1234 2382 1309 quaestum
2424 1246 2460 1292 e
2496 1243 2812 1290 servorum

446 1332 749 1416 operibus,
770 1312 956 1398 modo
977 1350 1103 1396 non
1123 1331 1425 1416 turpibus,
1449 1328 1836 1393 Philodemus
1861 1327 2187 1411 sapientem
2211 1328 2420 1394 decere
2440 1328 2813 1413 pronuntiat.

371 1434 374 1437 ’
444 1470 531 1487 --
559 1436 688 1502 lam
713 1456 856 1502 vero
887 1436 1057 1519 quale
1100 1453 1290 1518 genus
1322 1442 1605 1517 quaestus
1634 1432 1997 1516 primarium·
2016 1433 2071 1497 ei
2099 1441 2160 1497 et
2186 1432 2687 1499 honestissimum
2722 1433 2814 1496 vi-

447 1541 686 1618 deatur,
728 1558 855 1605 non
886 1539 1018 1604 sine
1046 1538 1345 1621 voluptate
1374 1544 1746 1620 cognoscent
1773 1535 2108 1620 quicunque
2136 1536 2421 1601 docendis
2450 1535 2628 1601 bonis
2662 1537 2809 1600 arti-

445 1644 560 1709 bus
589 1643 852 1720 aluum,
890 1642 930 1706 ii
961 1643 1339 1725 praesertim,
1378 1641 1595 1725 quibus
1634 1642 1788 1705 lauta
1827 1640 2182 1706 discentium
2222 1640 2549 1705 honoraria
2585 1638 2813 1723 publici

444 1746 724 1832 stipendii
754 1747 1095 1811 tenuitatem
1128 1752 1539 1830 compensant.
1608 1741 1894 1828 Πρῶτον
1919 1738 2019 1824 δέ,
2051 1744 2263 1828 inquit,
2302 1739 2422 1810 καὶ
2452 1738 2818 1810 κάλλιστον

446 1842 593 1917 α’πό
631 1844 847 1934 λόγων
882 1844 1282 1938 φιλοσόφων
1317 1840 1637 1936 άνδράσιν
1676 1844 2013 1925 δεκτικοῖς
2043 1842 2577 1931 μεταόιόόμενον
2590 1838 2814 1912 ’ἄντι-

443 1947 981 2038 μεταλαμβάνειν
1009 1946 1535 2038 εὖχαριστόῑτατα,
1563 1951 1690 2026 olla
1715 1948 1891 2034 μετὰ
1919 1948 2264 2035 σεβασμοῦ
2290 1948 2643 2029 παντελῶς
2661 1946 2814 2036 ἐγέ-

443 2050 580 2124 νετ’
613 2049 1026 2145 Ἐπικούρῳ·
1066 2051 1284 2143 λόγων
1310 2051 1387 2121 δὲ
1416 2046 1766 2143 ἀληθινῶν
1791 2051 1912 2120 καὶ
1940 2046 2389 2144 άφιλονείκων
2414 2050 2536 2121 καὶ
2565 2049 2815 2141 συλλή-

447 2159 619 2249 βδην
647 2154 868 2227 εἰπεῖν
896 2153 1276 2246 ἀταράχων·
1307 2165 1473 2237 [ἐπεὶ]
1501 2152 1587 2223 τό
1615 2178 1691 2242 γε
1717 2154 1840 2225 διὰ
1871 2156 2290 2248 σοφιστικῶν
2310 2154 2428 2225 καὶ
2450 2151 2814 2245 α’γωνιστι-

444 2263 581 2331 κῶν
609 2258 804 2331 οὐδέν
830 2259 977 2330 ἐστι
1006 2259 1276 2348 βέλτιον
1299 2260 1422 2329 τοῦ
1450 2259 1570 2327 διὰ
1609 2258 2091 2351 δημοκοπιιιῶν
2125 2260 2243 2329 καὶ
2283 2260 2810 2353 συκοφαπικῶν.

445 2370 648 2436 Lectio
677 2370 862 2436 totius
903 2370 1020 2433 loci
1070 2378 1254 2445 certa,
1301 2367 1689 2452 quamobrem
1733 2366 1975 2431 lacunas
2024 2386 2150 2432 non
2203 2368 2525 2452 significavi
2574 2377 2814 2453 praeter

449 2477 629 2553 duas,
669 2475 838 2540 aliter
865 2494 901 2539 a
929 2493 1029 2552 me
1058 2493 1237 2558 quam
1269 2472 1638 2557 aptioribus
1675 2441 1959 2553 expletas.
2028 2470 2184 2535 Nam
2222 2472 2567 2537 lavoronius
2611 2463 2813 2554 εὐχά-

446 2588 712 2666 ριστοῑν,
735 2570 948 2654 καθἺᾶ
974 2577 1231 2662 scripsit,
1254 2576 1648 2661 Goettlingius
1674 2568 2301 2662 εὖχάρισεοῑν]....ἇ’,
2334 2577 2442 2642 sed
2471 2576 2669 2642 verius
2693 2576 2811 2641 sibi

447 2682 634 2748 videri
662 2681 744 2746 ait
770 2675 922 2746 ὅσα.
981 2682 1109 2764 Ego
1141 2682 1303 2765 quod
1332 2682 1579 2764 reposui
1607 2681 1853 2747 lacunae
1890 2681 2086 2766 spatio
2126 2691 2187 2747 et
2222 2681 2549 2746 sententiae
2586 2680 2815 2764 parita-

447 2785 966 2850 accommodatum
995 2795 1105 2849 est.
1163 2785 1387 2850 Deinde
1415 2786 1616 2851 verius
1648 2806 1785 2851 esse
1811 2779 1997 2862 ἐπεί,
2038 2805 2217 2870 quam
2245 2786 2337 2850 vel
2366 2777 2489 2863 ὥς,
2521 2784 2683 2868 quod
2712 2784 2809 2849 Ia-

448 2889 724 2967 van-onio,
763 2889 853 2954 vel
894 2882 1031 2966 ὅτι,
1071 2889 1231 2972 quod
1273 2889 1629 2973 Goettlingio
1668 2889 1914 2973 placuit,
1955 2909 2134 2955 nemo
2172 2889 2340 2955 facile
2377 2888 2633 2971 negabit.
2696 2889 2813 2954 Est

443 2995 604 3058 enim
625 2994 689 3058 in
711 2993 1057 3058 huiusmodi
1079 2999 1359 3057 contextu
1380 2993 1594 3058 harum
1617 2994 2038 3076 particularum
2060 2985 2220 3059 ἐπεί
2238 3028 2325 3042 -
2348 3012 2422 3078 γε
2440 3012 2590 3058 usus
2612 3011 2811 3077 paene

444 3097 760 3180 legitimus.
821 3097 908 3162 Cf.
949 3097 1215 3180 exempla
1255 3116 1288 3161 a
1320 3096 1684 3162 Schneidero
1722 3098 1798 3162 ad
1824 3098 2102 3182 Xenoph.
2139 3097 2298 3163 Hier.
2332 3099 2391 3177 7,
2422 3097 2462 3162 3
2492 3118 2553 3181 p.
2583 3098 2714 3163 250
2750 3108 2810 3163 et

445 3222 480 3266 a
509 3201 688 3266 nobis
716 3202 790 3266 ad
821 3201 973 3266 Plut.
1004 3202 1110 3283 Ag.
1146 3202 1243 3278 10,
1274 3198 1316 3265 3
1344 3220 1406 3285 p.
1441 3201 1565 3266 128
1597 3201 1785 3267 citata.
1846 3201 2131 3268 Ceterum
2166 3194 2535 3291 άληθινοῦς
2570 3196 2811 3286 λόγους

443 3327 562 3370 και
593 3296 1064 3394 ἀφιλονείκως
1088 3323 1214 3369 nou
1253 3305 1401 3369 alios
1432 3305 1783 3372 Philodemo
1822 3306 2009 3372 videri
2047 3307 2428 3371 manifestum
2467 3314 2586 3383 est,
2624 3323 2806 3389 quam

444 3410 898 3493 Epicureorum,
929 3429 1084 3494 quos
1111 3429 1302 3494 quum
1333 3403 1713 3497 αταράχους
1737 3411 1894 3490 dicit,
1925 3411 2083 3477 idem
2110 3411 2270 3476 haud
2288 3410 2468 3546 dubie
2489 3409 2803 3558 siguificat,

446 3514 609 3598 quod
637 3513 947 3579 Lucretius
978 3533 1170 3598 quum
1192 3534 1299 3579 eos
1329 3513 1396 3591 V,
1431 3516 1505 3580 11

601 3622 610 3662 ·’
755 3645 760 3650 ·
853 3613 1136 3684 fluctibus
1167 3639 1201 3683 e
1228 3618 1409 3683 tantis
1440 3619 1615 3685 vitam
1649 3620 1944 3705 tantisque
1971 3620 2235 3686 tenebris
2348 3620 2355 3630 '

717 3745 728 3768 ι
831 3722 916 3787 *in
943 3731 1064 3788 tam
1095 3723 1412 3806 tranquillo
1443 3733 1508 3788 et
1530 3731 1655 3788 tam
1685 3724 1838 3790 clara
1864 3724 1997 3789 luce
2023 3724 2254 3789 locasse

444 3824 762 3910 praedicat.
791 3826 982 3891 Etiam
1000 3821 1342 3910 σεβασμὸς
1355 3825 1451 3891 ille
1467 3836 1527 3890 et
1545 3827 1840 3893 veneratio
1851 3827 2120 3911 magistri
2134 3847 2330 3913 prope
2343 3827 2537 3894 divina
2556 3827 2803 3912 propria

445 3931 568 3996 sere
581 3929 1012 4014 Epicureorum
1030 3932 1157 4008 fuit,
1173 3931 1388 4015 quibus
1404 3932 1725 4017 exprobrat
1740 3932 2091 3998 Plutarchus
2108 3936 2239 4000 adv.
2255 3933 2445 3999 Golot.
2463 3955 2515 3999 c.
2543 3935 2624 3998 17
2645 3930 2806 4010 τούς

361 4103 364 4106 ,
442 4029 738 4155 βρόμους
772 4030 892 4100 καὶ
927 4029 1474 4121 κροτοθορύβους
1504 4032 1622 4102 καὶ
1663 4031 1981 4121 σεβάσεις
2015 4034 2136 4103 καὶ
2174 4032 2617 4116 ἐπιθειάσεις
2652 4038 2803 4123 Epi-

443 4141 592 4215 curi,
643 4139 816 4223 plane
850 4151 919 4204 ut
955 4140 1139 4204 hodie
1169 4140 1498 4223 Hegelianis
1527 4141 1774 4206 nimiam
1805 4142 1984 4207 divini
2024 4143 2118 4207 sui
2147 4143 2552 4227 praeceptoris
2582 4144 2801 4207 adora

443 4243 669 4307 tionem
699 4243 773 4307 ab
793 4244 1142 4309 adversariis
1166 4245 1510 4330 exprobrari
1533 4246 1820 4311 videmus.
1871 4243 2328 4338 Σοφιστικοῦς
2346 4256 2541 4312 autem
2563 4241 2806 4332 λόγους
2932 4283 2941 4290 -

445 4356 505 4409 ει
532 4336 1016 4430 α’γωνιστικούς
1035 4349 1522 4416 Academicorum
1544 4350 1930 4435 potissimum
1952 4355 2351 4420 recentiorum
2375 4362 2433 4418 et
2456 4353 2801 4418 Stoicorum
