3102 4866
1595 344 1705 425 ssb'·

458 551 731 635 penam,
768 560 906 615 ante
932 547 1246 614 Heinsium
1282 566 1463 611 nono
1502 546 1631 610 fuit.
1690 547 1751 611 Is
1791 556 1987 612 autem
2024 548 2065 612 l.
2098 566 2149 610 c.
2181 565 2242 630 p.
2272 547 2427 621 656,
2469 544 2587 623 „in
2625 545 2815 610 Pan-

460 655 687 720 dora“
717 653 909 737 inquit
935 668 1243 729 „rursus
1275 657 1452 714 sunt
1483 648 1804 715 minutae
1833 659 2115 733 partes,
2146 649 2382 732 qualis
2411 658 2480 713 et
2504 649 2815 713 Πιθοι·

457 752 595 843 γία
632 768 703 822 et
737 756 946 831 aliae,
985 772 1287 838 quarum
1315 754 1767 837 grammatici
1804 754 2344 819 meminerunt.“
2402 753 2661 834 itemque
2689 770 2817 834 cap.

456 861 707 944 xmp.
741 860 897 924 670:
938 858 1192 939 „Sicut
1220 866 1456 922 autem
1484 853 2084 924 Πιθοπλαστία
2121 859 2312 922 lovis
2361 854 2630 931 est3ita
2667 853 2816 943 Πι-

455 957 751 1048 θοιγία
780 961 1135 1045 (eleganti
1163 981 1338 1027 voce
1366 962 1559 1026 bunc
1584 962 1881 1027 Hesiodi
1907 964 2144 1029 locum
2176 962 2276 1026 ita
2305 968 2560 1029 vocant
2588 976 2820 1041 gram-

455 1067 736 1145 matici)
778 1065 1215 1131 Pandorae.“
1283 1065 1542 1143 Quinam
1594 1064 1716 1129 sint
1751 1066 1849 1129 isti
1889 1065 2284 1149 grammatici.
2316 1082 2457 1130 ·non
2492 1061 2684 1145 magis
2722 1061 2822 1124 hic

459 1189 636 1255 quam
670 1168 1065 1253 Goettlingius
1092 1187 1210 1234 nos
1249 1170 1451 1233 docet:
1492 1188 1633 1252 ego,
1671 1169 1864 1234 donec
1892 1170 2101 1254 aliquis
2132 1189 2344 1235 eorum
2373 1169 2818 1233 demonstr-auis

458 1277 656 1353 ruerit,
685 1276 885 1340 nullos
908 1294 1044 1339 esse
1074 1274 1338 1350 credam,
1368 1273 1473 1337 sed
1503 1273 1755 1338 subesse
1792 1275 2105 1339 confusam
2139 1273 2435 1356 quandam
2464 1270 2819 1336 memoriam

456 1375 772 1445 Eustathii.
832 1378 946 1443 Hic
983 1378 1142 1441 enim
1183 1369 1561 1459 πιθοιγίας
1594 1394 1816 1441 nomen
1846 1382 2123 1461 usurpat,
2155 1385 2559 1441 verumtamen
2589 1392 2715 1438 uon
2745 1373 2820 1437 de

456 1484 619 1549 fatali
648 1483 959 1548 Pandorae
990 1482 1151 1546 dolio
1181 1490 1417 1565 aperto,
1449 1481 1558 1545 sed
1587 1482 1662 1546 de
1691 1482 1875 1546 altero
1906 1484 1969 1547 in
1999 1482 2140 1546 cella
2167 1481 2386 1545 vinaria
2415 1478 2712 1564 reposito,
2743 1476 2817 1540 de

457 1606 581 1671 quo
614 1586 913 1651 Hesiodus
942 1586 1229 1670 praecipit
1256 1605 1310 1648 v,
1345 1584 1502 1650 368:
1851 1604 1859 1612 ·

671 1682 1077 1776 Ἀρχομένου
1124 1683 1203 1752 δὲ
1244 1680 1467 1753 πίθου
1511 1684 1626 1752 καὶ
1672 1683 1985 1776 λήγοντος
2028 1682 2474 1776 κορέσασθαι,

690 1788 994 1876 μεσσόθι
1037 1784 1439 1880 φείδεσθαι·
1499 1787 1689 1878 δειλή
1737 1783 1806 1855 δ’
1851 1787 1950 1856 ἑνὶ
1995 1786 2301 1875 πυθμένι
2343 1782 2585 1878 φειδώ.

456 1899 606 1963 Nam
646 1897 720 1962 ad
740 1896 938 1961 Iliadis
976 1896 1193 1960 librum
1223 1894 1437 1972 XXIV,
1465 1915 1519 1958 v.
1554 1895 1702 1971 527,
1733 1895 1836 1959 ubi
1865 1896 1983 1960 duo
2015 1896 2172 1961 dolia
2199 1897 2260 1958 in
2290 1893 2448 1959 Iovis
2485 1894 2670 1958 domo
2700 1909 2815 1974 po-

442 2003 571 2067 -sita
603 2019 739 2065 esse
776 2000 1080 2076 dicuntur,
1119 1997 1290 2062 malis
1329 1997 1611 2075 alterum,
1650 1998 1897 2063 alterum
1926 1999 2104 2064 bonis
2135 1998 2450 2081 repletum,
2479 1996 2600 2072 ille,
2641 2002 2815 2079 post-

459 2124 644 2189 quam
674 2103 982 2168 Pandorae
1022 2102 1164 2166 dolii
1201 2103 1573 2167 mentionem
1612 2103 1774 2179 fecit,
1814 2104 1880 2167 in
1919 2122 2039 2185 quo
2081 2103 2234 2167 mala
2271 2086 2503 2166 tantum
2531 2100 2815 2173 inessent,

394 2230 425 2282 7
459 2204 584 2273 τοῦ
612 2201 691 2272 δὲ
716 2200 1048 2285 τοιούτου,
1086 2206 1294 2289 inquit,
1335 2208 1469 2270 τῶν
1494 2202 1717 2270 κακῶν
1743 2199 1972 2271 πίθου
2001 2198 2107 2294 εἴη
2139 2196 2222 2271 ἂν
2263 2201 2382 2271 καὶ
2410 2198 2452 2293 ἡ
2485 2195 2817 2287 πιθοιγία

457 2303 579 2392 οὐχ
621 2301 1126 2398 ἑορτάσιμος,
1182 2305 1355 2373 και-ἀ
1405 2306 1525 2396 τήν
1577 2300 1747 2395 παρ’
1789 2304 2099 2398 Ησιόδῳ,
2155 2305 2226 2376 ἐν
2265 2297 2315 2397 ᾗ
2369 2301 2814 2396 ἀρχομένου
2855 2396 2858 2401 Ι

456 2409 720 2482 πίθου
764 2408 959 2501 ἐχρῆν
1000 2406 1568 2497 κορέννυσθαι,
1616 2404 1765 2478 ἀλλ’
1809 2407 1907 2494 εἷς
1945 2411 2027 2480 τὸ
2066 2410 2205 2479 πᾶν
2251 2406 2599 2504 damnis:
2629 2430 2815 2496 appa·

427 2529 662 2618 ⁸retque
708 2518 784 2583 ad
828 2519 1047 2582 festum
1101 2517 1258 2580 diem
1304 2513 1434 2580 τῶν
1487 2512 1868 2603 πιθοιγίων
1909 2539 1959 2583 s.
2003 2523 2123 2607 τῆς
2165 2512 2536 2603 πιθοιγίας
2577 2516 2810 2612 respici,

453 2614 629 2689 καθ’
671 2614 782 2710 ἥν,
821 2622 996 2686 ut·ait
1034 2620 1286 2685 Procius
1327 2621 1400 2685 ad
1440 2620 1685 2686 Hesiod.
1727 2642 1779 2686 v.
1822 2611 1973 2702 366‚'
2005 2612 2157 2689 οῗῖτε
2202 2615 2464 2712 οἰκέτην
2507 2614 2659 2688 οὔτε
2697 2642 2812 2704 μι-

455 2721 730 2793 σθωτὸν
787 2716 1035 2808 εἴργειν
1085 2718 1205 2810 τῆς
1258 2715 1695 2803 ἀπολαύσεως
1728 2723 1852 2791 τοῦ
1905 2719 2094 2793 οἷ’νου
2142 2723 2433 2811 θεμιτὸν
2483 2715 2589 2814 ἦν,
2645 2717 2815 2788 ἀλλὰ

453 2825 804 2906 θύσαντας
846 2824 1027 2893 πᾶσι
1064 2822 1507 2911 μεταδιδόναι
1548 2831 1669 2893 τοῦ
1713 2823 1934 2917 διόρου
1974 2828 2094 2895 τοῦ
2134 2825 2490 2897 Διονύσου.
2579 2830 2657 2894 Et
2693 2846 2811 2913 quo

455 2934 648 3017 magis
680 2941 953 3015 apertum
984 2931 1112 3007 fiat,
1151 2949 1277 2995 non
1306 2931 1419 2994 alio
1450 2950 1628 3014 quam
1660 2933 1734 2997 ad
1774 2934 1892 2998 boc
1928 2934 2128 3017 ipsum
2159 2933 2402 2998 Hesiodi
2430 2941 2812 3017 praeceptum

455 3037 599 3101 illud
631 3025 1004 3119 πιθοιγίας
1032 3054 1252 3098 nomen
1294 3037 1453 3118 apud
1483 3037 1860 3101 Eustathium
1898 3038 2242 3120 pertinere‚-
2266 3038 2600 3102 adscribam
2637 3037 2812 3101 etiam

459 3161 610 3225 quae
635 3140 842 3223 paullo
865 3148 1006 3222 post
1034 3138 1107 3202 ab
1137 3159 1208 3202 eo
1253 3138 1576 3203 adduntur:
1620 3130 1663 3226 ἦ
1711 3141 1863 3223 γοῦν
1896 3132 2291 3217 (Ησιόδειος
2332 3132 2674 3225 πιθοιγία
2716 3130 2816 3215 εἷς

452 3239 765 3310 τοιοῦτόν
805 3262 875 3305 τι
920 3239 1093 3306 κατὰ
1134 3238 1292 3320 τοὺς
1321 3239 1660 3320 παλαιούς
1695 3237 2208 3328 ἐπιλαμβάνεται,
2255 3237 2812 3330 παραγγέλλουσα

456 3342 881 3432 συμβολικῶς
920 3340 1066 3410 νέον
1091 3340 1212 3429 μέν
1251 3366 1407 3410 τινα
1448 3337 1610 3412 ὄντα
1650 3335 1699 3432 ἢ
1734 3343 2014 3433 γηραιόν
2055 3339 2376 3412 ἀνίεσθαι
2420 3339 2812 3432 ἀναγκαίως,

458 3444 843 3535 ἀκμάζοντα
887 3445 962 3515 δὲ
1002 3446 1093 3537 μή
1142 3443 1354 3529 οὕτως
1397 3443 1588 3533 ἔχειν.
1650 3450 1900 3526 Qualem
1938 3452 2485 3534 interpretationem
2515 3449 2812 3536 praecepti

316 3633 327 3640 α
457 3554 843 3640 symbolicam
883 3554 1057 3618 etiam
1096 3555 1167 3618 ad
1200 3554 1443 3619 Hesiodi
1482 3556 1681 3619 locum
1712 3553 1991 3633 Procius,
2029 3565 2132 3619 aut
2171 3556 2444 3639 quisquis
2482 3566 2574 3620 est
2601 3555 2812 3621 scholii

455 3668 691 3735 auctor,
740 3669 1199 3723 commemorat:
1255 3653 1432 3736 τινὲς
1487 3653 1564 3723 δὲ
1618 3648 2071 3744 ἀλληγορικῶς
2122 3655 2397 3742 λέγουσι
2447 3655 2567 3724 τόν
2617 3653 2815 3742 λόγον

456 3751 636 3828 εἶναι
665 3758 827 3849 περὶ
854 3759 975 3850 τῆς
1013 3753 1299 3849 ἡλικίας,
1346 3753 1520 3826 ὥστε
1548 3752 1911 3845 ἀρχόμενον
1952 3757 2069 3825 καὶ
2101 3760 2397 3851 γηρῶντα
2425 3754 2808 3839 ἀπολαύειν,

454 3861 631 3932 κατὰ
672 3861 749 3931 δὲ
790 3861 911 3953 τὴν
950 3860 1157 3952 μέσην
1189 3857 1459 3953 ἡλικίαν
1495 3859 1929 3951 ἐργάζεσθαι.
1988 3866 2103 3943 vel,
2132 3876 2201 3931 ut
2229 3867 2386 3951 apud
2416 3868 2668 3932 Tzetzen
2696 3874 2809 3943 est,

454 3973 627 4050 παῖς
653 3961 745 4036 ὢν
788 3965 906 4036 καὶ
950 3966 1164 4058 γηρῶν
1208 3961 1516 4035 ἀπόλαυε
1556 3966 1691 4033 τῶν
1725 3966 1847 4033 τοῦ
1888 3961 2045 4054 βίου
2075 3963 2308 4057 ἡδέων,
2355 3967 2527 4035 κατὰ
2571 3965 2650 4035 δὲ
2690 3965 2811 4057 τήν

457 4068 878 4163 ἀκμαστικὴν
904 4066 1173 4162 ἡλικίαν
1216 4067 1512 4160 ἐργάζου.

596 4183 1004 4249 ‘Evanescunt
1043 4180 1243 4263 igitur,
1283 4197 1432 4262 quae
1471 4181 1544 4244 de
1573 4173 1921 4266 Πιθοιγίᾳ
1963 4190 2023 4244 et
2053 4182 2126 4246 de
2155 4170 2688 4268 Δαιμονολογίᾳ,
2743 4188 2811 4244 ut

332 4303 337 4308 ·
453 4287 685 4353 usitatis
714 4285 872 4368 apud
901 4283 1319 4366 grammaticos
1350 4282 1841 4367 appellationibus
1864 4283 2117 4349 duarum
2145 4285 2376 4350 illarum
2404 4283 2662 4367 partium
2684 4283 2806 4346 He-

345 4432 351 4439 ·
456 4391 646 4459 siodei
675 4387 977 4467 carminis,
1028 4387 1139 4452 viri
1200 4385 1532 4452 doctissimi
1592 4386 1836 4453 calidius
1888 4406 2068 4474 quam
2120 4389 2348 4454 cautius
2400 4389 2806 4454 crediderunt:
