<?xml version="1.0" encoding="UTF-8"?>
<!DOCTYPE html PUBLIC "-//W3C//DTD XHTML 1.0 Transitional//EN"
    "http://www.w3.org/TR/xhtml1/DTD/xhtml1-transitional.dtd">
<html xmlns="http://www.w3.org/1999/xhtml" xml:lang="en" lang="en">
 <head>
  <title>
</title>
<meta http-equiv="Content-Type" content="text/html;charset=utf-8" />
  <meta name='ocr-system' content='tesseract 3.04.00' />
  <meta name='ocr-capabilities' content='ocr_page ocr_carea ocr_par ocr_line ocrx_word'/>
</head>
<body>
  <div class='ocr_page' id='page_1' title='image "./opusculaacademi04schgoog_0241.png"; bbox 0 0 3102 4866; ppageno 0'>
   <div class='ocr_carea' id='block_1_1' title="bbox 1389 280 1516 351">
    <p class='ocr_par' dir='ltr' id='par_1_1' title="bbox 1389 280 1516 351">
     <span class='ocr_line' id='line_1_1' title="bbox 1389 280 1516 351; baseline 0 0"><span class='ocrx_word' id='word_1_1' title='bbox 1389 280 1516 351; x_wconf 70' lang='lat'><strong>281</strong></span> 
     </span>
    </p>
   </div>
   <div class='ocr_carea' id='block_1_2' title="bbox 1256 370 1669 388">
    <p class='ocr_par' dir='ltr' id='par_1_2' title="bbox 1256 370 1669 388">
     <span class='ocr_line' id='line_1_2' title="bbox 1256 370 1669 388; baseline 0 4478"><span class='ocrx_word' id='word_1_2' title='bbox 1256 370 1669 388; x_wconf 95' lang='lat' dir='ltr'><strong> </strong></span> 
     </span>
    </p>
   </div>
   <div class='ocr_carea' id='block_1_3' title="bbox 221 451 2770 3988">
    <p class='ocr_par' dir='ltr' id='par_1_3' title="bbox 221 451 2770 3988">
     <span class='ocr_line' id='line_1_3' title="bbox 274 451 2642 562; baseline 0 -22"><span class='ocrx_word' id='word_1_3' title='bbox 274 473 845 540; x_wconf 55' lang='lat' dir='ltr'><strong>monstra-eus&amp;</strong></span> <span class='ocrx_word' id='word_1_4' title='bbox 879 494 960 540; x_wconf 86' lang='lat' dir='ltr'><strong>ne</strong></span> <span class='ocrx_word' id='word_1_5' title='bbox 994 495 1068 540; x_wconf 81' lang='lat' dir='ltr'><strong>ex</strong></span> <span class='ocrx_word' id='word_1_6' title='bbox 1105 475 1179 540; x_wconf 86' lang='lat' dir='ltr'><strong>iis</strong></span> <span class='ocrx_word' id='word_1_7' title='bbox 1217 451 1485 559; x_wconf 77' lang='lat' dir='ltr'><strong>quidem,</strong></span> <span class='ocrx_word' id='word_1_8' title='bbox 1519 493 1678 559; x_wconf 86' lang='lat' dir='ltr'><strong>quae</strong></span> <span class='ocrx_word' id='word_1_9' title='bbox 1728 476 1803 542; x_wconf 84' lang='lat' dir='ltr'><strong>ah</strong></span> <span class='ocrx_word' id='word_1_10' title='bbox 1856 477 2217 562; x_wconf 69' lang='lat' dir='ltr'><strong>Hieronymo</strong></span> <span class='ocrx_word' id='word_1_11' title='bbox 2255 476 2437 541; x_wconf 81' lang='lat' dir='ltr'><strong>relata</strong></span> <span class='ocrx_word' id='word_1_12' title='bbox 2476 483 2642 551; x_wconf 84' lang='lat' dir='ltr'><strong>sunt,</strong></span> 
     </span>
     <span class='ocr_line' id='line_1_4' title="bbox 278 575 2637 667; baseline -0 -23"><span class='ocrx_word' id='word_1_13' title='bbox 278 597 479 644; x_wconf 78' lang='lat' dir='ltr'><strong>veram</strong></span> <span class='ocrx_word' id='word_1_14' title='bbox 510 575 913 662; x_wconf 69' lang='lat' dir='ltr'><strong>Theophrasti</strong></span> <span class='ocrx_word' id='word_1_15' title='bbox 929 580 1298 647; x_wconf 83' lang='lat' dir='ltr'><strong>senteutiam</strong></span> <span class='ocrx_word' id='word_1_16' title='bbox 1327 580 1475 645; x_wconf 84' lang='lat' dir='ltr'><strong>satis</strong></span> <span class='ocrx_word' id='word_1_17' title='bbox 1497 587 1636 645; x_wconf 88' lang='lat' dir='ltr'><strong>tuto</strong></span> <span class='ocrx_word' id='word_1_18' title='bbox 1664 582 1931 666; x_wconf 83' lang='lat' dir='ltr'><strong>perspici</strong></span> <span class='ocrx_word' id='word_1_19' title='bbox 1958 578 2148 667; x_wconf 79' lang='lat' dir='ltr'><strong>posse</strong></span> <span class='ocrx_word' id='word_1_20' title='bbox 2175 581 2483 647; x_wconf 73' lang='lat' dir='ltr'><strong>arhitmr.</strong></span> <span class='ocrx_word' id='word_1_21' title='bbox 2510 577 2637 643; x_wconf 75' lang='lat' dir='ltr'><strong>P-o—</strong></span> 
     </span>
     <span class='ocr_line' id='line_1_5' title="bbox 275 682 2738 769; baseline 0.001 -22"><span class='ocrx_word' id='word_1_22' title='bbox 275 682 403 748; x_wconf 84' lang='lat' dir='ltr'><strong>suit</strong></span> <span class='ocrx_word' id='word_1_23' title='bbox 429 682 598 748; x_wconf 83' lang='lat' dir='ltr'><strong>enim</strong></span> <span class='ocrx_word' id='word_1_24' title='bbox 617 682 773 748; x_wconf 83' lang='lat' dir='ltr'><strong>haec</strong></span> <span class='ocrx_word' id='word_1_25' title='bbox 797 683 1200 768; x_wconf 77' lang='lat' dir='ltr'><strong>Hieronymus</strong></span> <span class='ocrx_word' id='word_1_26' title='bbox 1225 683 1291 749; x_wconf 89' lang='lat' dir='ltr'><strong>in</strong></span> <span class='ocrx_word' id='word_1_27' title='bbox 1318 683 1472 749; x_wconf 87' lang='lat' dir='ltr'><strong>libro</strong></span> <span class='ocrx_word' id='word_1_28' title='bbox 1499 684 1790 750; x_wconf 69' lang='lat' dir='ltr'><strong>adversm</strong></span> <span class='ocrx_word' id='word_1_29' title='bbox 1808 685 2214 768; x_wconf 75' lang='lat' dir='ltr'><strong>Jovinimum,</strong></span> <span class='ocrx_word' id='word_1_30' title='bbox 2241 686 2438 751; x_wconf 79' lang='lat' dir='ltr'><strong>virum</strong></span> <span class='ocrx_word' id='word_1_31' title='bbox 2464 701 2636 769; x_wconf 74' lang='lat' dir='ltr'><strong>egre-</strong></span> <span class='ocrx_word' id='word_1_32' title='bbox 2669 697 2738 751; x_wconf 77' lang='lat'><strong>2⁸1</strong></span> 
     </span>
     <span class='ocr_line' id='line_1_6' title="bbox 278 787 2640 874; baseline 0.003 -23"><span class='ocrx_word' id='word_1_33' title='bbox 278 787 373 870; x_wconf 77' lang='lat' dir='ltr'><strong>gie</strong></span> <span class='ocrx_word' id='word_1_34' title='bbox 404 787 717 852; x_wconf 88' lang='lat' dir='ltr'><strong>cordatum</strong></span> <span class='ocrx_word' id='word_1_35' title='bbox 746 798 807 852; x_wconf 92' lang='lat' dir='ltr'><strong>et</strong></span> <span class='ocrx_word' id='word_1_36' title='bbox 832 805 1016 853; x_wconf 80' lang='lat' dir='ltr'><strong>vanae</strong></span> <span class='ocrx_word' id='word_1_37' title='bbox 1044 788 1490 872; x_wconf 73' lang='lat' dir='ltr'><strong>superstitionis</strong></span> <span class='ocrx_word' id='word_1_38' title='bbox 1519 788 1939 868; x_wconf 82' lang='lat' dir='ltr'><strong>adversarium,</strong></span> <span class='ocrx_word' id='word_1_39' title='bbox 1966 789 2070 873; x_wconf 78' lang='lat' dir='ltr'><strong>qui</strong></span> <span class='ocrx_word' id='word_1_40' title='bbox 2096 808 2287 874; x_wconf 80' lang='lat' dir='ltr'><strong>quum</strong></span> <span class='ocrx_word' id='word_1_41' title='bbox 2314 789 2475 858; x_wconf 88' lang='lat' dir='ltr'><strong>alios</strong></span> <span class='ocrx_word' id='word_1_42' title='bbox 2494 805 2640 874; x_wconf 65' lang='lat' dir='ltr'><strong>pu*-</strong></span> 
     </span>
     <span class='ocr_line' id='line_1_7' title="bbox 277 891 2641 977; baseline 0 -21"><span class='ocrx_word' id='word_1_43' title='bbox 277 911 486 956; x_wconf 74' lang='lat' dir='ltr'><strong>versae</strong></span> <span class='ocrx_word' id='word_1_44' title='bbox 514 891 828 956; x_wconf 71' lang='lat' dir='ltr'><strong>citiusdam</strong></span> <span class='ocrx_word' id='word_1_45' title='bbox 856 891 1256 974; x_wconf 69' lang='lat' dir='ltr'>religiositatis</span> <span class='ocrx_word' id='word_1_46' title='bbox 1285 910 1546 969; x_wconf 84' lang='lat' dir='ltr'><strong>errores,</strong></span> <span class='ocrx_word' id='word_1_47' title='bbox 1574 900 1705 957; x_wconf 80' lang='lat' dir='ltr'><strong>tum</strong></span> <span class='ocrx_word' id='word_1_48' title='bbox 1733 893 1873 958; x_wconf 83' lang='lat' dir='ltr'><strong>inud</strong></span> <span class='ocrx_word' id='word_1_49' title='bbox 1905 893 2223 977; x_wconf 88' lang='lat' dir='ltr'><strong>praecipue</strong></span> <span class='ocrx_word' id='word_1_50' title='bbox 2248 894 2641 976; x_wconf 72' lang='lat' dir='ltr'><strong>impugnave-</strong></span> 
     </span>
     <span class='ocr_line' id='line_1_8' title="bbox 276 994 2641 1082; baseline 0 -21"><span class='ocrx_word' id='word_1_51' title='bbox 276 1004 390 1072; x_wconf 76' lang='lat' dir='ltr'><strong>rat,</strong></span> <span class='ocrx_word' id='word_1_52' title='bbox 419 996 605 1079; x_wconf 80' lang='lat' dir='ltr'><strong>quod</strong></span> <span class='ocrx_word' id='word_1_53' title='bbox 615 995 787 1060; x_wconf 81' lang='lat' dir='ltr'><strong>multi</strong></span> <span class='ocrx_word' id='word_1_54' title='bbox 805 994 1234 1078; x_wconf 84' lang='lat' dir='ltr'><strong>opinabantur,</strong></span> <span class='ocrx_word' id='word_1_55' title='bbox 1261 996 1585 1078; x_wconf 75' lang='lat' dir='ltr'><strong>gratiorem</strong></span> <span class='ocrx_word' id='word_1_56' title='bbox 1603 996 1739 1061; x_wconf 59' lang='lat' dir='ltr'><strong>Mo</strong></span> <span class='ocrx_word' id='word_1_57' title='bbox 1767 1008 1833 1062; x_wconf 90' lang='lat' dir='ltr'><strong>et</strong></span> <span class='ocrx_word' id='word_1_58' title='bbox 1856 998 2062 1082; x_wconf 87' lang='lat' dir='ltr'><strong>pietati</strong></span> <span class='ocrx_word' id='word_1_59' title='bbox 2086 996 2641 1063; x_wconf 70' lang='lat' dir='ltr'><strong>convenientium</strong></span> 
     </span>
     <span class='ocr_line' id='line_1_9' title="bbox 279 1098 2640 1184; baseline 0 -19"><span class='ocrx_word' id='word_1_60' title='bbox 279 1101 635 1165; x_wconf 82' lang='lat' dir='ltr'><strong>coelibatmn</strong></span> <span class='ocrx_word' id='word_1_61' title='bbox 663 1118 800 1164; x_wconf 84' lang='lat' dir='ltr'><strong>esse</strong></span> <span class='ocrx_word' id='word_1_62' title='bbox 825 1117 1008 1182; x_wconf 84' lang='lat' dir='ltr'><strong>quam</strong></span> <span class='ocrx_word' id='word_1_63' title='bbox 1049 1098 1519 1163; x_wconf 85' lang='lat' dir='ltr'><strong>matrimonium.</strong></span> <span class='ocrx_word' id='word_1_64' title='bbox 1579 1100 1882 1165; x_wconf 77' lang='lat' dir='ltr'><strong>Adversus</strong></span> <span class='ocrx_word' id='word_1_65' title='bbox 1920 1102 2086 1166; x_wconf 88' lang='lat' dir='ltr'><strong>hune</strong></span> <span class='ocrx_word' id='word_1_66' title='bbox 2111 1101 2513 1184; x_wconf 72' lang='lat' dir='ltr'><strong>Hieronymus</strong></span> <span class='ocrx_word' id='word_1_67' title='bbox 2536 1100 2640 1166; x_wconf 83' lang='lat' dir='ltr'><strong>a‘r-</strong></span> 
     </span>
     <span class='ocr_line' id='line_1_10' title="bbox 279 1202 2683 1288; baseline 0.001 -21"><span class='ocrx_word' id='word_1_68' title='bbox 279 1212 562 1287; x_wconf 79' lang='lat' dir='ltr'><strong>gumenta</strong></span> <span class='ocrx_word' id='word_1_69' title='bbox 586 1202 984 1286; x_wconf 86' lang='lat' dir='ltr'><strong>undecunque</strong></span> <span class='ocrx_word' id='word_1_70' title='bbox 1011 1202 1335 1267; x_wconf 85' lang='lat' dir='ltr'><strong>corradens</strong></span> <span class='ocrx_word' id='word_1_71' title='bbox 1366 1202 1543 1266; x_wconf 85' lang='lat' dir='ltr'><strong>etiam</strong></span> <span class='ocrx_word' id='word_1_72' title='bbox 1572 1202 1738 1269; x_wconf 81' lang='lat' dir='ltr'><strong>iilum</strong></span> <span class='ocrx_word' id='word_1_73' title='bbox 1758 1206 2009 1288; x_wconf 86' lang='lat' dir='ltr'><strong>protulit</strong></span> <span class='ocrx_word' id='word_1_74' title='bbox 2021 1204 2423 1288; x_wconf 82' lang='lat' dir='ltr'><strong>Theophrasti</strong></span> <span class='ocrx_word' id='word_1_75' title='bbox 2442 1205 2641 1271; x_wconf 74' lang='lat' dir='ltr'><strong>lom</strong></span> <span class='ocrx_word' id='word_1_76' title='bbox 2676 1238 2683 1245; x_wconf 41' lang='lat'><em>³</em></span> 
     </span>
     <span class='ocr_line' id='line_1_11' title="bbox 278 1304 2642 1392; baseline 0.001 -20"><span class='ocrx_word' id='word_1_77' title='bbox 278 1327 352 1372; x_wconf 80' lang='lat' dir='ltr'><strong>ex</strong></span> <span class='ocrx_word' id='word_1_78' title='bbox 379 1305 645 1383; x_wconf 84' lang='lat' dir='ltr'><strong>aureolo,</strong></span> <span class='ocrx_word' id='word_1_79' title='bbox 673 1314 744 1372; x_wconf 91' lang='lat' dir='ltr'><strong>ut</strong></span> <span class='ocrx_word' id='word_1_80' title='bbox 763 1305 863 1384; x_wconf 90' lang='lat' dir='ltr'><strong>ait,</strong></span> <span class='ocrx_word' id='word_1_81' title='bbox 888 1305 1043 1371; x_wconf 83' lang='lat' dir='ltr'><strong>libro</strong></span> <span class='ocrx_word' id='word_1_82' title='bbox 1065 1306 1142 1371; x_wconf 89' lang='lat' dir='ltr'><strong>de</strong></span> <span class='ocrx_word' id='word_1_83' title='bbox 1159 1305 1407 1389; x_wconf 86' lang='lat' dir='ltr'><strong>nuptiis,</strong></span> <span class='ocrx_word' id='word_1_84' title='bbox 1435 1304 1500 1371; x_wconf 88' lang='lat' dir='ltr'><strong>in</strong></span> <span class='ocrx_word' id='word_1_85' title='bbox 1523 1325 1646 1390; x_wconf 89' lang='lat' dir='ltr'><strong>quo</strong></span> <span class='ocrx_word' id='word_1_86' title='bbox 1670 1316 2004 1391; x_wconf 72' lang='lat' dir='ltr'><strong>quaeram,</strong></span> <span class='ocrx_word' id='word_1_87' title='bbox 2030 1309 2223 1374; x_wconf 67' lang='lat' dir='ltr'><strong>anvir</strong></span> <span class='ocrx_word' id='word_1_88' title='bbox 2246 1309 2492 1392; x_wconf 84' lang='lat' dir='ltr'><strong>sapiens</strong></span> <span class='ocrx_word' id='word_1_89' title='bbox 2524 1308 2642 1374; x_wconf 89' lang='lat' dir='ltr'><strong>du·</strong></span> 
     </span>
     <span class='ocr_line' id='line_1_12' title="bbox 279 1409 2641 1497; baseline 0.001 -21"><span class='ocrx_word' id='word_1_90' title='bbox 279 1420 376 1476; x_wconf 85' lang='lat' dir='ltr'><strong>cat</strong></span> <span class='ocrx_word' id='word_1_91' title='bbox 401 1428 672 1476; x_wconf 83' lang='lat' dir='ltr'><strong>uxorem.</strong></span> <span class='ocrx_word' id='word_1_92' title='bbox 730 1410 967 1476; x_wconf 75' lang='lat' dir='ltr'><strong>Scilicet</strong></span> <span class='ocrx_word' id='word_1_93' title='bbox 992 1409 1250 1476; x_wconf 70' lang='lat' dir='ltr'><strong>dubitari</strong></span> <span class='ocrx_word' id='word_1_94' title='bbox 1277 1428 1404 1475; x_wconf 91' lang='lat' dir='ltr'><strong>non</strong></span> <span class='ocrx_word' id='word_1_95' title='bbox 1423 1418 1643 1495; x_wconf 88' lang='lat' dir='ltr'><strong>potest,</strong></span> <span class='ocrx_word' id='word_1_96' title='bbox 1667 1413 1889 1477; x_wconf 78' lang='lat' dir='ltr'><strong>factum</strong></span> <span class='ocrx_word' id='word_1_97' title='bbox 1912 1432 1946 1478; x_wconf 92' lang='lat' dir='ltr'><strong>a</strong></span> <span class='ocrx_word' id='word_1_98' title='bbox 1963 1412 2384 1497; x_wconf 69' lang='lat' dir='ltr'><strong>Theophrasto</strong></span> <span class='ocrx_word' id='word_1_99' title='bbox 2408 1432 2554 1478; x_wconf 84' lang='lat' dir='ltr'><strong>esse</strong></span> <span class='ocrx_word' id='word_1_100' title='bbox 2577 1412 2641 1478; x_wconf 88' lang='lat' dir='ltr'><strong>id</strong></span> 
     </span>
     <span class='ocr_line' id='line_1_13' title="bbox 280 1512 2690 1601; baseline 0.001 -21"><span class='ocrx_word' id='word_1_101' title='bbox 280 1515 443 1598; x_wconf 87' lang='lat' dir='ltr'><strong>quod</strong></span> <span class='ocrx_word' id='word_1_102' title='bbox 473 1522 944 1581; x_wconf 85' lang='lat' dir='ltr'><strong>consentaneum</strong></span> <span class='ocrx_word' id='word_1_103' title='bbox 972 1514 2229 1601; x_wconf 55' lang='lat' dir='ltr'><strong>eratinuliqmesuoneutetquaepro</strong></span> <span class='ocrx_word' id='word_1_104' title='bbox 2260 1512 2690 1582; x_wconf 72' lang='lat' dir='ltr'><strong>matrimomo&#39;</strong></span> 
     </span>
     <span class='ocr_line' id='line_1_14' title="bbox 278 1619 2643 1706; baseline 0.001 -22"><span class='ocrx_word' id='word_1_105' title='bbox 278 1619 1098 1703; x_wconf 83' lang='lat' dir='ltr'><strong>et-quaecontradisputari</strong></span> <span class='ocrx_word' id='word_1_106' title='bbox 1136 1626 1416 1704; x_wconf 86' lang='lat' dir='ltr'><strong>possent,</strong></span> <span class='ocrx_word' id='word_1_107' title='bbox 1467 1621 1673 1686; x_wconf 88' lang='lat' dir='ltr'><strong>omnia</strong></span> <span class='ocrx_word' id='word_1_108' title='bbox 1724 1631 2103 1706; x_wconf 75' lang='lat' dir='ltr'><strong>congereret:</strong></span> <span class='ocrx_word' id='word_1_109' title='bbox 2146 1639 2342 1705; x_wconf 82' lang='lat' dir='ltr'><strong>neque</strong></span> <span class='ocrx_word' id='word_1_110' title='bbox 2390 1620 2643 1698; x_wconf 79' lang='lat' dir='ltr'><strong>exiliis,</strong></span> 
     </span>
     <span class='ocr_line' id='line_1_15' title="bbox 281 1722 2643 1809; baseline 0.001 -21"><span class='ocrx_word' id='word_1_111' title='bbox 281 1743 435 1807; x_wconf 84' lang='lat' dir='ltr'><strong>quae</strong></span> <span class='ocrx_word' id='word_1_112' title='bbox 461 1723 895 1807; x_wconf 74' lang='lat' dir='ltr'><strong>Hieronymus,</strong></span> <span class='ocrx_word' id='word_1_113' title='bbox 929 1722 1182 1788; x_wconf 85' lang='lat' dir='ltr'><strong>consilio</strong></span> <span class='ocrx_word' id='word_1_114' title='bbox 1219 1742 1335 1789; x_wconf 89' lang='lat' dir='ltr'><strong>suo</strong></span> <span class='ocrx_word' id='word_1_115' title='bbox 1376 1724 1671 1804; x_wconf 85' lang='lat' dir='ltr'><strong>serviens,</strong></span> <span class='ocrx_word' id='word_1_116' title='bbox 1701 1744 1773 1790; x_wconf 83' lang='lat' dir='ltr'><strong>ex</strong></span> <span class='ocrx_word' id='word_1_117' title='bbox 1800 1726 1981 1791; x_wconf 84' lang='lat' dir='ltr'><strong>altera</strong></span> <span class='ocrx_word' id='word_1_118' title='bbox 2011 1725 2191 1791; x_wconf 88' lang='lat' dir='ltr'><strong>huius</strong></span> <span class='ocrx_word' id='word_1_119' title='bbox 2220 1724 2643 1809; x_wconf 81' lang='lat' dir='ltr'><strong>disputationis</strong></span> 
     </span>
     <span class='ocr_line' id='line_1_16' title="bbox 281 1828 2644 1916; baseline 0.001 -25"><span class='ocrx_word' id='word_1_120' title='bbox 281 1836 449 1913; x_wconf 88' lang='lat' dir='ltr'><strong>parte</strong></span> <span class='ocrx_word' id='word_1_121' title='bbox 485 1828 810 1912; x_wconf 78' lang='lat' dir='ltr'><strong>excerpsit,</strong></span> <span class='ocrx_word' id='word_1_122' title='bbox 846 1846 999 1911; x_wconf 84' lang='lat' dir='ltr'><strong>quae</strong></span> <span class='ocrx_word' id='word_1_123' title='bbox 1035 1838 1243 1895; x_wconf 87' lang='lat' dir='ltr'><strong>contra</strong></span> <span class='ocrx_word' id='word_1_124' title='bbox 1287 1831 1742 1895; x_wconf 73' lang='lat' dir='ltr'><strong>matrimonium</strong></span> <span class='ocrx_word' id='word_1_125' title='bbox 1781 1832 2002 1916; x_wconf 81' lang='lat' dir='ltr'><strong>scripta</strong></span> <span class='ocrx_word' id='word_1_126' title='bbox 2044 1839 2199 1908; x_wconf 89' lang='lat' dir='ltr'><strong>erat,</strong></span> <span class='ocrx_word' id='word_1_127' title='bbox 2235 1828 2644 1914; x_wconf 81' lang='lat' dir='ltr'><strong>consequitur,</strong></span> 
     </span>
     <span class='ocr_line' id='line_1_17' title="bbox 281 1931 2715 2026; baseline 0.001 -30"><span class='ocrx_word' id='word_1_128' title='bbox 281 1950 409 1997; x_wconf 91' lang='lat' dir='ltr'><strong>non</strong></span> <span class='ocrx_word' id='word_1_129' title='bbox 438 1931 617 2026; x_wconf 77' lang='lat' dir='ltr'><strong>etiam</strong></span> <span class='ocrx_word' id='word_1_130' title='bbox 644 1931 709 1996; x_wconf 88' lang='lat' dir='ltr'><strong>in</strong></span> <span class='ocrx_word' id='word_1_131' title='bbox 738 1932 1031 1998; x_wconf 69' lang='lat' dir='ltr'><strong>diva-sam</strong></span> <span class='ocrx_word' id='word_1_132' title='bbox 1070 1934 1462 2012; x_wconf 86' lang='lat' dir='ltr'><strong>sententiam,</strong></span> <span class='ocrx_word' id='word_1_133' title='bbox 1500 1934 1622 1999; x_wconf 86' lang='lat' dir='ltr'><strong>hoc</strong></span> <span class='ocrx_word' id='word_1_134' title='bbox 1657 1942 1756 2000; x_wconf 89' lang='lat' dir='ltr'><strong>est</strong></span> <span class='ocrx_word' id='word_1_135' title='bbox 1791 1954 1917 2019; x_wconf 89' lang='lat' dir='ltr'><strong>pro</strong></span> <span class='ocrx_word' id='word_1_136' title='bbox 1943 1932 2358 2010; x_wconf 82' lang='lat' dir='ltr'><strong>matrimonio,</strong></span> <span class='ocrx_word' id='word_1_137' title='bbox 2394 1934 2581 1999; x_wconf 83' lang='lat' dir='ltr'><strong>muita</strong></span> <span class='ocrx_word' id='word_1_138' title='bbox 2608 1952 2645 1997; x_wconf 93' lang='lat' dir='ltr'><strong>a</strong></span> <span class='ocrx_word' id='word_1_139' title='bbox 2706 1991 2715 1999; x_wconf 90' lang='lat'><strong>.</strong></span> 
     </span>
     <span class='ocr_line' id='line_1_18' title="bbox 282 2016 2645 2122; baseline 0 -22"><span class='ocrx_word' id='word_1_140' title='bbox 282 2016 701 2121; x_wconf 71' lang='lat' dir='ltr'><strong>Theophrasto</strong></span> <span class='ocrx_word' id='word_1_141' title='bbox 731 2036 1026 2120; x_wconf 89' lang='lat' dir='ltr'><strong>disputata</strong></span> <span class='ocrx_word' id='word_1_142' title='bbox 1056 2038 1258 2113; x_wconf 77' lang='lat' dir='ltr'><strong>fuisse,</strong></span> <span class='ocrx_word' id='word_1_143' title='bbox 1285 2037 1506 2122; x_wconf 82' lang='lat' dir='ltr'><strong>quihus</strong></span> <span class='ocrx_word' id='word_1_144' title='bbox 1533 2038 1628 2102; x_wconf 84' lang='lat' dir='ltr'><strong>illa</strong></span> <span class='ocrx_word' id='word_1_145' title='bbox 1659 2046 1761 2102; x_wconf 91' lang='lat' dir='ltr'><strong>aut</strong></span> <span class='ocrx_word' id='word_1_146' title='bbox 1781 2040 2234 2104; x_wconf 82' lang='lat' dir='ltr'><strong>confutarentur</strong></span> <span class='ocrx_word' id='word_1_147' title='bbox 2250 2045 2362 2102; x_wconf 81' lang='lat' dir='ltr'><strong>aut</strong></span> <span class='ocrx_word' id='word_1_148' title='bbox 2380 2036 2645 2102; x_wconf 82' lang='lat' dir='ltr'><strong>circum-</strong></span> 
     </span>
     <span class='ocr_line' id='line_1_19' title="bbox 279 2138 2647 2227; baseline -0.001 -20"><span class='ocrx_word' id='word_1_149' title='bbox 279 2141 703 2207; x_wconf 60' lang='lat' dir='ltr'><strong>saihs-entur.</strong></span> <span class='ocrx_word' id='word_1_150' title='bbox 755 2138 960 2218; x_wconf 77' lang='lat' dir='ltr'><strong>Quid?</strong></span> <span class='ocrx_word' id='word_1_151' title='bbox 992 2142 1152 2223; x_wconf 88' lang='lat' dir='ltr'><strong>quod</strong></span> <span class='ocrx_word' id='word_1_152' title='bbox 1188 2141 1282 2206; x_wconf 84' lang='lat' dir='ltr'><strong>illa</strong></span> <span class='ocrx_word' id='word_1_153' title='bbox 1303 2141 1455 2225; x_wconf 85' lang='lat' dir='ltr'><strong>ipsa,</strong></span> <span class='ocrx_word' id='word_1_154' title='bbox 1485 2160 1637 2225; x_wconf 79' lang='lat' dir='ltr'><strong>quae</strong></span> <span class='ocrx_word' id='word_1_155' title='bbox 1654 2142 1955 2227; x_wconf 82' lang='lat' dir='ltr'><strong>excerpsit</strong></span> <span class='ocrx_word' id='word_1_156' title='bbox 1978 2141 2399 2224; x_wconf 75' lang='lat' dir='ltr'><strong>Hieronymus,</strong></span> <span class='ocrx_word' id='word_1_157' title='bbox 2416 2156 2547 2207; x_wconf 87' lang='lat' dir='ltr'><strong>nou</strong></span> <span class='ocrx_word' id='word_1_158' title='bbox 2568 2139 2647 2204; x_wconf 90' lang='lat' dir='ltr'><strong>de</strong></span> 
     </span>
     <span class='ocr_line' id='line_1_20' title="bbox 279 2243 2693 2329; baseline -0 -20"><span class='ocrx_word' id='word_1_159' title='bbox 279 2244 667 2309; x_wconf 84' lang='lat' dir='ltr'><strong>matrimonio</strong></span> <span class='ocrx_word' id='word_1_160' title='bbox 704 2244 770 2308; x_wconf 88' lang='lat' dir='ltr'><strong>in</strong></span> <span class='ocrx_word' id='word_1_161' title='bbox 806 2244 1179 2322; x_wconf 82' lang='lat' dir='ltr'><strong>universum,</strong></span> <span class='ocrx_word' id='word_1_162' title='bbox 1216 2245 1326 2309; x_wconf 90' lang='lat' dir='ltr'><strong>sed</strong></span> <span class='ocrx_word' id='word_1_163' title='bbox 1364 2245 1440 2310; x_wconf 91' lang='lat' dir='ltr'><strong>de</strong></span> <span class='ocrx_word' id='word_1_164' title='bbox 1483 2245 1873 2310; x_wconf 88' lang='lat' dir='ltr'><strong>matrimonio</strong></span> <span class='ocrx_word' id='word_1_165' title='bbox 1912 2243 2205 2329; x_wconf 86' lang='lat' dir='ltr'><strong>sapientis</strong></span> <span class='ocrx_word' id='word_1_166' title='bbox 2246 2243 2403 2308; x_wconf 85' lang='lat' dir='ltr'><strong>diota</strong></span> <span class='ocrx_word' id='word_1_167' title='bbox 2452 2253 2693 2322; x_wconf 63' lang='lat' dir='ltr'><strong>erant,-</strong></span> 
     </span>
     <span class='ocr_line' id='line_1_21' title="bbox 279 2335 2645 2433; baseline 0 -21"><span class='ocrx_word' id='word_1_168' title='bbox 279 2349 340 2413; x_wconf 88' lang='lat' dir='ltr'><strong>h.</strong></span> <span class='ocrx_word' id='word_1_169' title='bbox 381 2367 435 2412; x_wconf 88' lang='lat' dir='ltr'><strong>e.</strong></span> <span class='ocrx_word' id='word_1_170' title='bbox 484 2348 643 2426; x_wconf 81' lang='lat' dir='ltr'><strong>eius,</strong></span> <span class='ocrx_word' id='word_1_171' title='bbox 692 2335 1262 2433; x_wconf 79' lang='lat' dir='ltr'><strong>qui&#39;philosophiae</strong></span> <span class='ocrx_word' id='word_1_172' title='bbox 1303 2358 1366 2414; x_wconf 91' lang='lat' dir='ltr'><strong>et</strong></span> <span class='ocrx_word' id='word_1_173' title='bbox 1407 2348 1618 2414; x_wconf 84' lang='lat' dir='ltr'><strong>litteris</strong></span> <span class='ocrx_word' id='word_1_174' title='bbox 1669 2350 1954 2415; x_wconf 73' lang='lat' dir='ltr'><strong>studeret.</strong></span> <span class='ocrx_word' id='word_1_175' title='bbox 2041 2348 2150 2413; x_wconf 83' lang='lat' dir='ltr'><strong>His</strong></span> <span class='ocrx_word' id='word_1_176' title='bbox 2198 2348 2401 2432; x_wconf 77' lang='lat' dir='ltr'><strong>igitur.</strong></span> <span class='ocrx_word' id='word_1_177' title='bbox 2424 2347 2645 2414; x_wconf 85' lang='lat' dir='ltr'><strong>studiis</strong></span> 
     </span>
     <span class='ocr_line' id='line_1_22' title="bbox 283 2452 2643 2537; baseline 0 -20"><span class='ocrx_word' id='word_1_178' title='bbox 283 2452 740 2536; x_wconf 77' lang='lat' dir='ltr'><strong>Theophrastus</strong></span> <span class='ocrx_word' id='word_1_179' title='bbox 773 2453 1223 2519; x_wconf 84' lang='lat' dir='ltr'><strong>matrimonium</strong></span> <span class='ocrx_word' id='word_1_180' title='bbox 1253 2453 1498 2519; x_wconf 82' lang='lat' dir='ltr'><strong>officere</strong></span> <span class='ocrx_word' id='word_1_181' title='bbox 1523 2454 1830 2520; x_wconf 82' lang='lat' dir='ltr'><strong>iudicavit·</strong></span> <span class='ocrx_word' id='word_1_182' title='bbox 1867 2472 1997 2519; x_wconf 91' lang='lat' dir='ltr'><strong>non</strong></span> <span class='ocrx_word' id='word_1_183' title='bbox 2033 2473 2226 2537; x_wconf 88' lang='lat' dir='ltr'><strong>posse</strong></span> <span class='ocrx_word' id='word_1_184' title='bbox 2266 2453 2446 2519; x_wconf 88' lang='lat' dir='ltr'><strong>simul</strong></span> <span class='ocrx_word' id='word_1_185' title='bbox 2472 2453 2643 2518; x_wconf 80' lang='lat' dir='ltr'><strong>libris</strong></span> 
     </span>
     <span class='ocr_line' id='line_1_23' title="bbox 278 2556 2644 2643; baseline -0.001 -21"><span class='ocrx_word' id='word_1_186' title='bbox 278 2565 342 2622; x_wconf 90' lang='lat' dir='ltr'><strong>et</strong></span> <span class='ocrx_word' id='word_1_187' title='bbox 374 2556 553 2622; x_wconf 80' lang='lat' dir='ltr'><strong>uxori</strong></span> <span class='ocrx_word' id='word_1_188' title='bbox 591 2575 832 2641; x_wconf 86' lang='lat' dir='ltr'><strong>operam</strong></span> <span class='ocrx_word' id='word_1_189' title='bbox 872 2558 1030 2622; x_wconf 89' lang='lat' dir='ltr'><strong>dari.</strong></span> <span class='ocrx_word' id='word_1_190' title='bbox 1068 2559 1293 2622; x_wconf 84' lang='lat' dir='ltr'><strong>multos</strong></span> <span class='ocrx_word' id='word_1_191' title='bbox 1332 2576 1469 2623; x_wconf 86' lang='lat' dir='ltr'><strong>esse</strong></span> <span class='ocrx_word' id='word_1_192' title='bbox 1503 2577 1879 2643; x_wconf 78' lang='lat' dir='ltr'><strong>magnosque</strong></span> <span class='ocrx_word' id='word_1_193' title='bbox 1916 2559 1982 2625; x_wconf 88' lang='lat' dir='ltr'><strong>in</strong></span> <span class='ocrx_word' id='word_1_194' title='bbox 2018 2577 2272 2624; x_wconf 85' lang='lat' dir='ltr'><strong>uxorem</strong></span> <span class='ocrx_word' id='word_1_195' title='bbox 2306 2566 2404 2622; x_wconf 86' lang='lat' dir='ltr'><strong>et</strong></span> <span class='ocrx_word' id='word_1_196' title='bbox 2406 2557 2644 2626; x_wconf 66' lang='lat' dir='ltr'><strong>linones</strong></span> 
     </span>
     <span class='ocr_line' id='line_1_24' title="bbox 280 2661 2644 2746; baseline -0 -19"><span class='ocrx_word' id='word_1_197' title='bbox 280 2667 560 2744; x_wconf 84' lang='lat' dir='ltr'><strong>sumptus</strong></span> <span class='ocrx_word' id='word_1_198' title='bbox 589 2661 911 2738; x_wconf 79' lang='lat' dir='ltr'><strong>faciendos,</strong></span> <span class='ocrx_word' id='word_1_199' title='bbox 939 2662 1227 2745; x_wconf 85' lang='lat' dir='ltr'><strong>plurimas</strong></span> <span class='ocrx_word' id='word_1_200' title='bbox 1255 2663 1521 2746; x_wconf 82' lang='lat' dir='ltr'><strong>quotidie</strong></span> <span class='ocrx_word' id='word_1_201' title='bbox 1545 2662 1853 2728; x_wconf 84' lang='lat' dir='ltr'><strong>molestias</strong></span> <span class='ocrx_word' id='word_1_202' title='bbox 1880 2663 2329 2738; x_wconf 65' lang='lat' dir='ltr'><strong>enham-icum,</strong></span> <span class='ocrx_word' id='word_1_203' title='bbox 2358 2680 2514 2745; x_wconf 81' lang='lat' dir='ltr'><strong>quae</strong></span> <span class='ocrx_word' id='word_1_204' title='bbox 2536 2679 2644 2726; x_wconf 87' lang='lat' dir='ltr'><strong>ae·</strong></span> 
     </span>
     <span class='ocr_line' id='line_1_25' title="bbox 280 2756 2642 2850; baseline -0 -20"><span class='ocrx_word' id='word_1_205' title='bbox 280 2766 564 2849; x_wconf 81' lang='lat' dir='ltr'><strong>quitatem</strong></span> <span class='ocrx_word' id='word_1_206' title='bbox 590 2764 775 2830; x_wconf 86' lang='lat' dir='ltr'><strong>animi</strong></span> <span class='ocrx_word' id='word_1_207' title='bbox 803 2765 1225 2850; x_wconf 80' lang='lat' dir='ltr'><strong>perturbarent</strong></span> <span class='ocrx_word' id='word_1_208' title='bbox 1249 2777 1312 2833; x_wconf 91' lang='lat' dir='ltr'><strong>et</strong></span> <span class='ocrx_word' id='word_1_209' title='bbox 1340 2786 1377 2831; x_wconf 93' lang='lat' dir='ltr'><strong>a</strong></span> <span class='ocrx_word' id='word_1_210' title='bbox 1401 2767 1615 2832; x_wconf 88' lang='lat' dir='ltr'><strong>litteris</strong></span> <span class='ocrx_word' id='word_1_211' title='bbox 1642 2775 1990 2832; x_wconf 81' lang='lat' dir='ltr'><strong>avocarent.</strong></span> <span class='ocrx_word' id='word_1_212' title='bbox 2020 2756 2276 2850; x_wconf 81' lang='lat' dir='ltr'><strong>denique</strong></span> <span class='ocrx_word' id='word_1_213' title='bbox 2304 2764 2642 2849; x_wconf 67' lang='lat' dir='ltr'><strong>plutum·</strong></span> 
     </span>
     <span class='ocr_line' id='line_1_26' title="bbox 280 2869 2661 2955; baseline -0.003 -20"><span class='ocrx_word' id='word_1_214' title='bbox 280 2870 425 2935; x_wconf 89' lang='lat' dir='ltr'><strong>nino</strong></span> <span class='ocrx_word' id='word_1_215' title='bbox 455 2888 620 2947; x_wconf 86' lang='lat' dir='ltr'><strong>esse,</strong></span> <span class='ocrx_word' id='word_1_216' title='bbox 655 2888 813 2952; x_wconf 82' lang='lat' dir='ltr'><strong>quae</strong></span> <span class='ocrx_word' id='word_1_217' title='bbox 839 2869 1258 2936; x_wconf 77' lang='lat' dir='ltr'><strong>dissuaderent</strong></span> <span class='ocrx_word' id='word_1_218' title='bbox 1277 2870 1665 2955; x_wconf 68' lang='lat' dir='ltr'><strong>sapientibus</strong></span> <span class='ocrx_word' id='word_1_219' title='bbox 1704 2870 2157 2935; x_wconf 73' lang='lat' dir='ltr'><strong>matrimonium</strong></span> <span class='ocrx_word' id='word_1_220' title='bbox 2196 2869 2661 2953; x_wconf 83' lang='lat' dir='ltr'><strong>liberorumque.</strong></span> 
     </span>
     <span class='ocr_line' id='line_1_27' title="bbox 280 2972 2642 3059; baseline -0 -20"><span class='ocrx_word' id='word_1_221' title='bbox 280 2972 790 3059; x_wconf 72' lang='lat' dir='ltr'><strong>prou-sationem,</strong></span> <span class='ocrx_word' id='word_1_222' title='bbox 838 2992 1018 3056; x_wconf 86' lang='lat' dir='ltr'><strong>quam</strong></span> <span class='ocrx_word' id='word_1_223' title='bbox 1060 2994 1211 3058; x_wconf 86' lang='lat' dir='ltr'><strong>quae</strong></span> <span class='ocrx_word' id='word_1_224' title='bbox 1239 2975 1762 3052; x_wconf 76' lang='lat' dir='ltr'><strong>commendarent,</strong></span> <span class='ocrx_word' id='word_1_225' title='bbox 1791 2984 1854 3039; x_wconf 88' lang='lat' dir='ltr'><strong>et</strong></span> <span class='ocrx_word' id='word_1_226' title='bbox 1876 2993 1949 3038; x_wconf 82' lang='lat' dir='ltr'><strong>ex</strong></span> <span class='ocrx_word' id='word_1_227' title='bbox 1979 2973 2055 3038; x_wconf 89' lang='lat' dir='ltr'><strong>iis</strong></span> <span class='ocrx_word' id='word_1_228' title='bbox 2083 2973 2258 3057; x_wconf 86' lang='lat' dir='ltr'><strong>ipsis,</strong></span> <span class='ocrx_word' id='word_1_229' title='bbox 2276 2992 2439 3057; x_wconf 31' lang='lat' dir='ltr'><strong>&#39;quae</strong></span> <span class='ocrx_word' id='word_1_230' title='bbox 2470 2992 2642 3039; x_wconf 88' lang='lat' dir='ltr'><strong>com-</strong></span> 
     </span>
     <span class='ocr_line' id='line_1_28' title="bbox 283 3078 2644 3163; baseline -0.001 -19"><span class='ocrx_word' id='word_1_231' title='bbox 283 3079 680 3144; x_wconf 84' lang='lat' dir='ltr'><strong>mendationis</strong></span> <span class='ocrx_word' id='word_1_232' title='bbox 731 3096 913 3147; x_wconf 76' lang='lat' dir='ltr'><strong>eausa</strong></span> <span class='ocrx_word' id='word_1_233' title='bbox 961 3080 1340 3157; x_wconf 72' lang='lat' dir='ltr'><strong>affermtur,</strong></span> <span class='ocrx_word' id='word_1_234' title='bbox 1379 3080 1637 3163; x_wconf 87' lang='lat' dir='ltr'><strong>plurima</strong></span> <span class='ocrx_word' id='word_1_235' title='bbox 1675 3080 1739 3144; x_wconf 89' lang='lat' dir='ltr'><strong>in</strong></span> <span class='ocrx_word' id='word_1_236' title='bbox 1777 3078 2136 3144; x_wconf 85' lang='lat' dir='ltr'><strong>contrariam</strong></span> <span class='ocrx_word' id='word_1_237' title='bbox 2171 3079 2375 3161; x_wconf 89' lang='lat' dir='ltr'><strong>potius</strong></span> <span class='ocrx_word' id='word_1_238' title='bbox 2410 3086 2644 3161; x_wconf 84' lang='lat' dir='ltr'><strong>partem</strong></span> 
     </span>
     <span class='ocr_line' id='line_1_29' title="bbox 281 3180 2641 3267; baseline -0.001 -19"><span class='ocrx_word' id='word_1_239' title='bbox 281 3181 547 3248; x_wconf 80' lang='lat' dir='ltr'><strong>converti</strong></span> <span class='ocrx_word' id='word_1_240' title='bbox 574 3200 778 3266; x_wconf 77' lang='lat' dir='ltr'><strong>posse.</strong></span> <span class='ocrx_word' id='word_1_241' title='bbox 838 3180 961 3247; x_wconf 88' lang='lat' dir='ltr'><strong>Sed</strong></span> <span class='ocrx_word' id='word_1_242' title='bbox 991 3182 1164 3266; x_wconf 85' lang='lat' dir='ltr'><strong>quid,</strong></span> <span class='ocrx_word' id='word_1_243' title='bbox 1192 3202 1449 3267; x_wconf 83' lang='lat' dir='ltr'><strong>quaeso,</strong></span> <span class='ocrx_word' id='word_1_244' title='bbox 1482 3184 1786 3266; x_wconf 88' lang='lat' dir='ltr'><strong>pertinent</strong></span> <span class='ocrx_word' id='word_1_245' title='bbox 1811 3183 1959 3247; x_wconf 85' lang='lat' dir='ltr'><strong>haec</strong></span> <span class='ocrx_word' id='word_1_246' title='bbox 1983 3182 2058 3247; x_wconf 89' lang='lat' dir='ltr'><strong>ad</strong></span> <span class='ocrx_word' id='word_1_247' title='bbox 2086 3182 2381 3247; x_wconf 88' lang='lat' dir='ltr'><strong>maiorem</strong></span> <span class='ocrx_word' id='word_1_248' title='bbox 2408 3189 2641 3266; x_wconf 74' lang='lat' dir='ltr'><strong>partem</strong></span> 
     </span>
     <span class='ocr_line' id='line_1_30' title="bbox 283 3283 2770 3371; baseline -0.001 -18"><span class='ocrx_word' id='word_1_249' title='bbox 283 3283 644 3353; x_wconf 69' lang='lat' dir='ltr'><strong>hominum?</strong></span> <span class='ocrx_word' id='word_1_250' title='bbox 673 3286 779 3369; x_wconf 79' lang='lat' dir='ltr'><strong>qni</strong></span> <span class='ocrx_word' id='word_1_251' title='bbox 807 3285 1004 3360; x_wconf 87' lang='lat' dir='ltr'><strong>istius,</strong></span> <span class='ocrx_word' id='word_1_252' title='bbox 1031 3305 1216 3370; x_wconf 86' lang='lat' dir='ltr'><strong>quam</strong></span> <span class='ocrx_word' id='word_1_253' title='bbox 1246 3286 1702 3371; x_wconf 85' lang='lat' dir='ltr'><strong>Theophrastus</strong></span> <span class='ocrx_word' id='word_1_254' title='bbox 1732 3286 1897 3362; x_wconf 81' lang='lat' dir='ltr'><strong>dixit,</strong></span> <span class='ocrx_word' id='word_1_255' title='bbox 1926 3285 2251 3370; x_wconf 87' lang='lat' dir='ltr'><strong>sapientiae</strong></span> <span class='ocrx_word' id='word_1_256' title='bbox 2286 3304 2503 3369; x_wconf 88' lang='lat' dir='ltr'><strong>parum</strong></span> <span class='ocrx_word' id='word_1_257' title='bbox 2522 3294 2653 3351; x_wconf 56' lang='grc' dir='ltr'><strong>αν·</strong></span> <span class='ocrx_word' id='word_1_258' title='bbox 2767 3337 2770 3341; x_wconf 13' lang='lat' dir='ltr'><strong>a</strong></span> 
     </span>
     <span class='ocr_line' id='line_1_31' title="bbox 278 3389 2644 3474; baseline -0.001 -17"><span class='ocrx_word' id='word_1_259' title='bbox 278 3391 459 3466; x_wconf 74' lang='lat' dir='ltr'><strong>riosi,</strong></span> <span class='ocrx_word' id='word_1_260' title='bbox 488 3397 736 3454; x_wconf 81' lang='lat' dir='ltr'><strong>natm-ae</strong></span> <span class='ocrx_word' id='word_1_261' title='bbox 763 3389 966 3474; x_wconf 88' lang='lat' dir='ltr'><strong>potius</strong></span> <span class='ocrx_word' id='word_1_262' title='bbox 987 3409 1203 3456; x_wconf 72' lang='lat' dir='ltr'><strong>vocem</strong></span> <span class='ocrx_word' id='word_1_263' title='bbox 1233 3409 1605 3474; x_wconf 84' lang='lat' dir='ltr'><strong>sensumque</strong></span> <span class='ocrx_word' id='word_1_264' title='bbox 1642 3409 2029 3456; x_wconf 74' lang='lat' dir='ltr'><strong>communa-</strong></span> <span class='ocrx_word' id='word_1_265' title='bbox 2068 3399 2419 3473; x_wconf 86' lang='lat' dir='ltr'><strong>sequuntur,</strong></span> <span class='ocrx_word' id='word_1_266' title='bbox 2446 3407 2644 3474; x_wconf 83' lang='lat' dir='ltr'><strong>neque</strong></span> 
     </span>
     <span class='ocr_line' id='line_1_32' title="bbox 282 3494 2642 3572; baseline -0 -13"><span class='ocrx_word' id='word_1_267' title='bbox 282 3495 480 3560; x_wconf 84' lang='lat' dir='ltr'><strong>otiosa</strong></span> <span class='ocrx_word' id='word_1_268' title='bbox 505 3495 625 3559; x_wconf 71' lang='lat' dir='ltr'><strong>vita</strong></span> <span class='ocrx_word' id='word_1_269' title='bbox 651 3494 717 3559; x_wconf 87' lang='lat' dir='ltr'><strong>in</strong></span> <span class='ocrx_word' id='word_1_270' title='bbox 745 3494 960 3560; x_wconf 86' lang='lat' dir='ltr'><strong>umbra</strong></span> <span class='ocrx_word' id='word_1_271' title='bbox 985 3503 1051 3560; x_wconf 85' lang='lat' dir='ltr'><strong>et</strong></span> <span class='ocrx_word' id='word_1_272' title='bbox 1075 3494 1234 3560; x_wconf 86' lang='lat' dir='ltr'><strong>inter</strong></span> <span class='ocrx_word' id='word_1_273' title='bbox 1259 3494 1452 3560; x_wconf 83' lang='lat' dir='ltr'><strong>libros</strong></span> <span class='ocrx_word' id='word_1_274' title='bbox 1479 3494 1616 3572; x_wconf 81' lang='lat' dir='ltr'><strong>frui,</strong></span> <span class='ocrx_word' id='word_1_275' title='bbox 1643 3494 1933 3560; x_wconf 88' lang='lat' dir='ltr'><strong>sedomni</strong></span> <span class='ocrx_word' id='word_1_276' title='bbox 1964 3494 2073 3559; x_wconf 74' lang='lat' dir='ltr'><strong>viri</strong></span> <span class='ocrx_word' id='word_1_277' title='bbox 2099 3494 2247 3559; x_wconf 86' lang='lat' dir='ltr'><strong>honi</strong></span> <span class='ocrx_word' id='word_1_278' title='bbox 2274 3514 2349 3560; x_wconf 85' lang='lat' dir='ltr'><strong>ac</strong></span> <span class='ocrx_word' id='word_1_279' title='bbox 2373 3495 2642 3559; x_wconf 78' lang='lat' dir='ltr'><strong>civisot-</strong></span> 
     </span>
     <span class='ocr_line' id='line_1_33' title="bbox 221 3598 2645 3683; baseline 0 -19"><span class='ocrx_word' id='word_1_280' title='bbox 221 3619 227 3626; x_wconf 84' lang='lat'><strong>·</strong></span> <span class='ocrx_word' id='word_1_281' title='bbox 277 3600 417 3664; x_wconf 79' lang='lat' dir='ltr'><strong>ficio</strong></span> <span class='ocrx_word' id='word_1_282' title='bbox 456 3598 687 3665; x_wconf 73' lang='lat' dir='ltr'><strong>naviter</strong></span> <span class='ocrx_word' id='word_1_283' title='bbox 721 3598 890 3681; x_wconf 73' lang='lat' dir='ltr'><strong>fungi</strong></span> <span class='ocrx_word' id='word_1_284' title='bbox 925 3598 1152 3664; x_wconf 73' lang='lat' dir='ltr'><strong>¹volunt.</strong></span> <span class='ocrx_word' id='word_1_285' title='bbox 1233 3598 1388 3664; x_wconf 86' lang='lat' dir='ltr'><strong>Nam</strong></span> <span class='ocrx_word' id='word_1_286' title='bbox 1423 3600 1492 3664; x_wconf 81' lang='lat' dir='ltr'><strong>hi</strong></span> <span class='ocrx_word' id='word_1_287' title='bbox 1525 3608 1705 3681; x_wconf 77' lang='lat' dir='ltr'><strong>sunt,</strong></span> <span class='ocrx_word' id='word_1_288' title='bbox 1742 3598 2225 3683; x_wconf 74' lang='lat' dir='ltr'><strong>opinor-‚quibus</strong></span> <span class='ocrx_word' id='word_1_289' title='bbox 2252 3599 2645 3683; x_wconf 81' lang='lat' dir='ltr'><strong>oeconomiae</strong></span> 
     </span>
     <span class='ocr_line' id='line_1_34' title="bbox 279 3702 2643 3789; baseline -0.002 -17"><span class='ocrx_word' id='word_1_290' title='bbox 279 3713 600 3789; x_wconf 83' lang='lat' dir='ltr'><strong>praecepta</strong></span> <span class='ocrx_word' id='word_1_291' title='bbox 627 3703 758 3768; x_wconf 87' lang='lat' dir='ltr'><strong>dari</strong></span> <span class='ocrx_word' id='word_1_292' title='bbox 785 3703 1084 3770; x_wconf 77' lang='lat' dir='ltr'><strong>convenit.</strong></span> <span class='ocrx_word' id='word_1_293' title='bbox 1171 3706 1266 3769; x_wconf 77' lang='lat' dir='ltr'><strong>Au</strong></span> <span class='ocrx_word' id='word_1_294' title='bbox 1308 3704 1621 3769; x_wconf 80' lang='lat' dir='ltr'><strong>credemus</strong></span> <span class='ocrx_word' id='word_1_295' title='bbox 1650 3704 1853 3787; x_wconf 89' lang='lat' dir='ltr'><strong>ipsum</strong></span> <span class='ocrx_word' id='word_1_296' title='bbox 1882 3702 2337 3787; x_wconf 79' lang='lat' dir='ltr'><strong>Hieronymum,</strong></span> <span class='ocrx_word' id='word_1_297' title='bbox 2372 3702 2643 3787; x_wconf 77' lang='lat' dir='ltr'><strong>quamvis</strong></span> 
     </span>
     <span class='ocr_line' id='line_1_35' title="bbox 277 3807 2641 3882; baseline -0.001 -8"><span class='ocrx_word' id='word_1_298' title='bbox 277 3809 641 3874; x_wconf 75' lang='lat' dir='ltr'><strong>sanctiorem</strong></span> <span class='ocrx_word' id='word_1_299' title='bbox 671 3807 1024 3874; x_wconf 80' lang='lat' dir='ltr'><strong>coelibatum</strong></span> <span class='ocrx_word' id='word_1_300' title='bbox 1046 3808 1439 3873; x_wconf 91' lang='lat' dir='ltr'><strong>matrimonio</strong></span> <span class='ocrx_word' id='word_1_301' title='bbox 1479 3807 1774 3882; x_wconf 64' lang='lat' dir='ltr'><strong>eederet,</strong></span> <span class='ocrx_word' id='word_1_302' title='bbox 1814 3807 1870 3872; x_wconf 87' lang='lat' dir='ltr'><strong>si</strong></span> <span class='ocrx_word' id='word_1_303' title='bbox 1901 3808 2057 3871; x_wconf 81' lang='lat' dir='ltr'><strong>forte</strong></span> <span class='ocrx_word' id='word_1_304' title='bbox 2084 3808 2160 3872; x_wconf 85' lang='lat' dir='ltr'><strong>ad</strong></span> <span class='ocrx_word' id='word_1_305' title='bbox 2191 3808 2641 3872; x_wconf 80' lang='lat' dir='ltr'><strong>oeconomicam</strong></span> 
     </span>
     <span class='ocr_line' id='line_1_36' title="bbox 279 3910 2644 3988; baseline -0.001 -9"><span class='ocrx_word' id='word_1_306' title='bbox 279 3911 621 3979; x_wconf 85' lang='lat' dir='ltr'><strong>docendam</strong></span> <span class='ocrx_word' id='word_1_307' title='bbox 649 3911 1031 3988; x_wconf 83' lang='lat' dir='ltr'><strong>accessisset,</strong></span> <span class='ocrx_word' id='word_1_308' title='bbox 1085 3930 1210 3977; x_wconf 93' lang='lat' dir='ltr'><strong>non</strong></span> <span class='ocrx_word' id='word_1_309' title='bbox 1251 3913 1438 3977; x_wconf 77' lang='lat' dir='ltr'><strong>misse</strong></span> <span class='ocrx_word' id='word_1_310' title='bbox 1465 3921 1666 3977; x_wconf 89' lang='lat' dir='ltr'><strong>tamen</strong></span> <span class='ocrx_word' id='word_1_311' title='bbox 1704 3910 2155 3977; x_wconf 85' lang='lat' dir='ltr'><strong>matrimonium</strong></span> <span class='ocrx_word' id='word_1_312' title='bbox 2185 3911 2644 3977; x_wconf 83' lang='lat' dir='ltr'><strong>commendatu-</strong></span> 
     </span>
    </p>
   </div>
   <div class='ocr_carea' id='block_1_4' title="bbox 277 3995 2849 4096">
    <p class='ocr_par' dir='ltr' id='par_1_4' title="bbox 277 3995 2849 4096">
     <span class='ocr_line' id='line_1_37' title="bbox 277 3995 2849 4096; baseline -0.002 -12"><span class='ocrx_word' id='word_1_313' title='bbox 277 4037 448 4096; x_wconf 82' lang='lat' dir='ltr'><strong>rum,</strong></span> <span class='ocrx_word' id='word_1_314' title='bbox 469 4026 559 4083; x_wconf 89' lang='grc' dir='ltr'>·ιιι</span> <span class='ocrx_word' id='word_1_315' title='bbox 604 4025 669 4083; x_wconf 90' lang='lat' dir='ltr'><strong>et</strong></span> <span class='ocrx_word' id='word_1_316' title='bbox 703 4025 951 4082; x_wconf 85' lang='lat' dir='ltr'><strong>naturae</strong></span> <span class='ocrx_word' id='word_1_317' title='bbox 986 4017 1350 4083; x_wconf 83' lang='lat' dir='ltr'><strong>conveniens</strong></span> <span class='ocrx_word' id='word_1_318' title='bbox 1380 4026 1443 4082; x_wconf 91' lang='lat' dir='ltr'><strong>et</strong></span> <span class='ocrx_word' id='word_1_319' title='bbox 1478 4017 1551 4082; x_wconf 89' lang='lat' dir='ltr'><strong>ad</strong></span> <span class='ocrx_word' id='word_1_320' title='bbox 1593 4035 1725 4082; x_wconf 88' lang='lat' dir='ltr'><strong>rem</strong></span> <span class='ocrx_word' id='word_1_321' title='bbox 1763 4015 2154 4080; x_wconf 87' lang='lat' dir='ltr'><strong>domesticam</strong></span> <span class='ocrx_word' id='word_1_322' title='bbox 2192 4015 2642 4080; x_wconf 84' lang='lat' dir='ltr'><strong>recte-admini-</strong></span> <span class='ocrx_word' id='word_1_323' title='bbox 2718 4000 2725 4004; x_wconf 59' lang='grc'><strong>’</strong></span> <span class='ocrx_word' id='word_1_324' title='bbox 2844 3995 2849 3998; x_wconf 48' lang='grc'>’</span> 
     </span>
    </p>
   </div>
   <div class='ocr_carea' id='block_1_5' title="bbox 278 4119 2646 4421">
    <p class='ocr_par' dir='ltr' id='par_1_5' title="bbox 278 4119 2646 4413">
     <span class='ocr_line' id='line_1_38' title="bbox 281 4119 2642 4207; baseline -0.002 -19"><span class='ocrx_word' id='word_1_325' title='bbox 281 4123 586 4189; x_wconf 81' lang='lat' dir='ltr'><strong>strandam</strong></span> <span class='ocrx_word' id='word_1_326' title='bbox 614 4122 792 4207; x_wconf 85' lang='lat' dir='ltr'><strong>plane</strong></span> <span class='ocrx_word' id='word_1_327' title='bbox 818 4119 1268 4187; x_wconf 77' lang='lat' dir='ltr'><strong>necessarium?</strong></span> <span class='ocrx_word' id='word_1_328' title='bbox 1355 4121 1441 4186; x_wconf 86' lang='lat' dir='ltr'><strong>lta</strong></span> <span class='ocrx_word' id='word_1_329' title='bbox 1462 4139 1608 4203; x_wconf 81' lang='lat' dir='ltr'><strong>ergo</strong></span> <span class='ocrx_word' id='word_1_330' title='bbox 1634 4120 1815 4185; x_wconf 83' lang='lat' dir='ltr'><strong>etiam</strong></span> <span class='ocrx_word' id='word_1_331' title='bbox 1842 4119 2296 4202; x_wconf 86' lang='lat' dir='ltr'><strong>Theophrastus</strong></span> <span class='ocrx_word' id='word_1_332' title='bbox 2325 4120 2642 4185; x_wconf 87' lang='lat' dir='ltr'><strong>matrimo-</strong></span> 
     </span>
     <span class='ocr_line' id='line_1_39' title="bbox 278 4224 2644 4309; baseline -0 -17"><span class='ocrx_word' id='word_1_333' title='bbox 278 4228 472 4304; x_wconf 85' lang='lat' dir='ltr'><strong>nium,</strong></span> <span class='ocrx_word' id='word_1_334' title='bbox 500 4225 734 4291; x_wconf 87' lang='lat' dir='ltr'><strong>etiamsi</strong></span> <span class='ocrx_word' id='word_1_335' title='bbox 762 4225 1014 4309; x_wconf 84' lang='lat' dir='ltr'><strong>sapienti</strong></span> <span class='ocrx_word' id='word_1_336' title='bbox 1044 4244 1158 4290; x_wconf 89' lang='lat' dir='ltr'><strong>suo</strong></span> <span class='ocrx_word' id='word_1_337' title='bbox 1186 4226 1556 4301; x_wconf 87' lang='lat' dir='ltr'><strong>dissuaserit,</strong></span> <span class='ocrx_word' id='word_1_338' title='bbox 1584 4241 1921 4288; x_wconf 88' lang='lat' dir='ltr'><strong>oeconomo</strong></span> <span class='ocrx_word' id='word_1_339' title='bbox 1948 4232 2111 4288; x_wconf 88' lang='lat' dir='ltr'><strong>certe</strong></span> <span class='ocrx_word' id='word_1_340' title='bbox 2139 4243 2263 4288; x_wconf 88' lang='lat' dir='ltr'><strong>non</strong></span> <span class='ocrx_word' id='word_1_341' title='bbox 2293 4224 2492 4307; x_wconf 88' lang='lat' dir='ltr'><strong>potuit</strong></span> <span class='ocrx_word' id='word_1_342' title='bbox 2514 4244 2644 4291; x_wconf 84' lang='lat' dir='ltr'><strong>non</strong></span> 
     </span>
     <span class='ocr_line' id='line_1_40' title="bbox 283 4327 2646 4421; baseline 0 -28"><span class='ocrx_word' id='word_1_343' title='bbox 283 4329 722 4395; x_wconf 86' lang='lat' dir='ltr'><strong>commendare.</strong></span> <span class='ocrx_word' id='word_1_344' title='bbox 780 4328 900 4394; x_wconf 87' lang='lat' dir='ltr'><strong>Et</strong></span> <span class='ocrx_word' id='word_1_345' title='bbox 881 4346 948 4393; x_wconf 83' lang='lat' dir='ltr'><strong>m</strong></span> <span class='ocrx_word' id='word_1_346' title='bbox 978 4328 1303 4395; x_wconf 85' lang='lat' dir='ltr'><strong>domestice</strong></span> <span class='ocrx_word' id='word_1_347' title='bbox 1330 4327 1848 4421; x_wconf 81' lang='lat' dir='ltr'><strong>administratione</strong></span> <span class='ocrx_word' id='word_1_348' title='bbox 1875 4327 2045 4393; x_wconf 84' lang='lat' dir='ltr'><strong>iilum</strong></span> <span class='ocrx_word' id='word_1_349' title='bbox 2070 4328 2290 4410; x_wconf 84' lang='lat' dir='ltr'><strong>pariter</strong></span> <span class='ocrx_word' id='word_1_350' title='bbox 2316 4337 2495 4413; x_wconf 82' lang='lat' dir='ltr'><strong>atque</strong></span> <span class='ocrx_word' id='word_1_351' title='bbox 2520 4328 2646 4393; x_wconf 83' lang='lat' dir='ltr'><strong>Xe-</strong></span> 
     </span>
    </p>
   </div>
  </div>
 </body>
</html>
