3102 4866
1592 309 1710 375 176

460 473 736 581 ᾹΡΜ,
765 515 883 581 <1¹1¹
911 443 1142 562 migne
1169 495 1382 581 alitffiis
1411 488 1707 580 δαίμονα
1724 495 2098 580 interpretari
2116 488 2315 562 κότον
2332 491 2637 579 ροιαιιιι..
2676 493 2823 558 Νοιι

460 600 652 684 magis
688 601 1002 685 probabile
1040 609 1134 665 est
1172 594 1295 688 νέᾳ
1339 595 1543 690 ῥαφῇ,
1588 602 1756 686 quod
1795 601 1891 666 ille
1930 618 2046 683 pro
2085 594 2291 684 νεαρᾶ
2332 592 2550 687 φάους
2589 599 2821 684 posuit.

335 734 342 741 -
461 704 666 770 Voluit
692 705 979 770 nimirum
1009 724 1229 770 novam
1253 705 1623 771 insolentiae
1668 703 2170 770 machinationem
2220 702 2557 785 significari.
2640 704 2820 787 Atqui

460 804 650 899 ραφή
676 811 753 876 de
775 808 1007 875 dolosis
1028 810 1366 894 callidisque
1388 809 1671 887 consiliis,
1693 809 2065 892 maximeque
2085 808 2160 874 de
2181 807 2560 873 clandestinis
2582 807 2819 885 dicitur,

459 931 613 997 quse
639 914 842 979 minus
870 912 1249 993 insolentiae,
1289 916 1350 980 h.
1380 936 1432 981 e.
1464 914 1650 980 feroci
1693 922 1754 979 et
1779 922 2064 998 protervo
2096 911 2329 990 animo,
2358 931 2537 997 quam
2569 912 2812 976 trandu-

457 1016 618 1083 lento
647 1038 718 1085 ac
742 1020 1044 1086 malitioso
1076 1021 1395 1087 convenire
1425 1019 1716 1084 videntur.
1773 1017 1941 1083 Sed·
1924 1037 2126 1102 ipsum
2154 1016 2328 1094 illud,
2357 1015 2572 1101 quod
2553 1035 2617 1080 m
2647 1015 2818 1121 codi-

458 1121 630 1188 cibus
656 1125 946 1209 scriptum
976 1136 1098 1204 est,
1130 1119 1354 1215 φάους
1378 1124 1661 1190 contrarii
1690 1121 1984 1202 vocabuli,
2014 1115 2289 1197 σκότον,
2318 1120 2440 1186 iam
2467 1100 2819 1204 superiores

458 1229 749 1312 quosdam
790 1230 1027 1296 criticos
1065 1229 1403 1308 admonuit,
1446 1227 1626 1313 idque
1662 1227 1811 1292 mihi
1859 1245 2101 1311 quoque
2147 1245 2356 1292 verum
2393 1245 2529 1291 esse
2564 1225 2817 1291 videtur.

456 1330 580 1396 Pro
607 1327 811 1422 νεαρά
837 1334 1255 1419 reponendum
1285 1334 1397 1398 erit
1416 1327 1651 1419 νεαρόν
1671 1340 1798 1408 aut,
1830 1332 1996 1415 quod
2020 1330 2168 1395 mihi
2188 1323 2388 1414 a'ptius
2410 1350 2551 1396 esse
2566 1330 2821 1408 videtur,

454 1429 704 1504 νέατον.
765 1438 873 1504 His
903 1439 1081 1523 igitur
1108 1440 1367 1523 receptis
1396 1457 1606 1503 versus
1634 1435 1923 1502 babemus
1952 1435 2166 1499 hosce:
2466 1512 2472 1521 ἱ

861 1537 1019 1607 τότε
1060 1532 1174 1630 0³37*
1214 1532 1368 1621 τότ’,
1414 1530 1498 1628 ἢν
1538 1535 1620 1607 τὸ
1663 1533 1896 1628 κύριον
1933 1532 2111 1627 μόλῃ
2154 1531 2374 1617 τέλος,

861 1639 1095 1712 νέατον
1134 1640 1353 1733 φάους
1379 1639 1638 1723 σκότον,

353 1756 365 1762 ’
453 1748 793 1834 pendetque
830 1751 1198 1815 accusativus
1239 1770 1273 1815 a
1311 1749 1494 1816 verbo
1534 1741 1840 1814 τίκτειν
1824 1766 1888 1812 ιιι
1925 1765 2104 1811 versu
2138 1745 2361 1867 primo.
2432 1730 2681 1829 Reliqua
2724 1747 2815 1811 sic

452 1851 817 1918 restituenda
847 1862 1050 1918 erunt:
2722 1878 2727 1881 ·

865 1950 1159 2042 δαίμονά
1199 1947 1324 2022 τιν’
1371 1947 1634 2041 αμαχον
1677 1946 2030 2038 α’πόλεμόν
2065 1945 2195 2033 ⁶1³,-

729 2120 736 2125 .
789 2102 798 2123 2
864 2052 1124 2151 α’νίερον
1162 2055 1429 2150 θράσος
1468 2053 1792 2144 μελαίνας
1828 2053 2283 2145 μελάθροισιν
2326 2047 2523 2136 ἴσας,
2638 2127 2643 2133 ,

860 2156 1211 2249 εἶδομέναν
1248 2161 1575 2232 τοκεῦσιν.
2660 2165 2669 2172 ’

450 2267 514 2331 ιιι
541 2260 759 2351 quibus
780 2267 929 2332 nihil
956 2288 990 2333 a
1021 2268 1326 2333 codicibus
1357 2268 1632 2345 discessi,
1661 2267 1779 2332 nisi
1812 2267 2023 2351 quod
2004 2285 2067 2330 ιιι
2097 2286 2275 2331 versu
2296 2267 2507 2351 primo
2516 2257 2815 2349 δαίμονά

449 2360 575 2435 τιν’
601 2389 716 2454 pro
747 2362 1042 2455 δαίμονά
1081 2392 1158 2437 τε
1196 2365 1318 2439 τόν
1346 2372 1749 2448 scribendum,
1778 2371 1839 2436 ιιι
1871 2372 1991 2436 ιιιιο
2017 2389 2229 2435 versus
2270 2379 2469 2436 autem
2495 2361 2554 2436 τ’
2584 2371 2814 2436 adden·

453 2474 604 2539 dum
628 2476 772 2540 fuit..
803 2475 1136 2541 Codicum
1166 2475 1522 2560 scripturam
1551 2475 1827 2540 vitiosam
1867 2494 2006 2539 esse
2028 2475 2117 2538 vel
2145 2475 2288 2539 hinc
2323 2475 2565 2558 intelligi
2593 2485 2812 2560 potest,

448 2578 610 2661 quod
641 2579 845 2645 sicilie
874 2571 1136 2678 δαίμῳν
1162 2580 1442 2664 distingui
1470 2580 1703 2645 videtur
1730 2599 1764 2644 a
1793 2579 2013 2644 mentis
2044 2580 2470 2656 oooeeeatione,
2502 2600 2686 2665 quam
2716 2581 2813 2645 in-

448 2683 700 2752 solentia
729 2683 804 2746 ad
835 2691 1167 2748 extremum
1195 2703 1404 2768 parere
1432 2684 1585 2748 dicta
1608 2691 1726 2759 est,
1757 2702 1939 2766 quum
1972 2683 2227 2749 dubitari
2247 2702 2375 2749 non
2393 2685 2591 2767 possit
2619 2685 2809 2749 tribus

449 2785 547 2851 his
585 2786 935 2851 nominibus
973 2781 1246 2866 σκότον,
1293 2780 1615 2870 δαίμονα,
1656 2780 1925 2872 θράσος
1968 2807 2162 2867 ατας,
2208 2808 2391 2853 unam
2441 2787 2811 2871 eandemque

447 2908 579 2954 rem
610 2890 925 2974 designari.
986 2891 1184 2955 Nam
1165 2909 1297 2974 ipsa
1326 2890 1419 2954 illa
1447 2889 1664 2954 mentis
1694 2889 2023 2954 occaecatio
2055 2890 2364 2956 daemonis
2393 2892 2584 2957 instar
2605 2892 2807 2956 homi-

448 3012 559 3059 nes
611 2995 675 3060 in
715 2995 1041 3079 perniciem
1079 2995 1318 3078 abripit,
1357 2994 1490 3077 ipsa
1529 2992 1679 3057 nihil
1713 2991 1868 3056 aliud
1914 3003 2035 3068 est,
2076 3013 2257 3077 quam
2297 2995 2438 3060 Ates
2481 2997 2805 3061 temeritas.

445 3099 598 3164 Post
626 3092 977 3183 απόλεμσν
1009 3107 1211 3164 autem
1242 3118 1351 3164 cur
1375 3089 1432 3162 τ’
1460 3095 1806 3172 addiderim,
1835 3115 1909 3160 ex
1937 3098 2314 3184 antistropha
2342 3099 2596 3183 patebit,
2628 3120 2806 3184 quam

445 3222 611 3269 nunc
637 3204 974 3270 adscribam
1005 3204 1095 3269 sic
1120 3213 1188 3269 ut
1215 3203 1389 3268 debet
1417 3200 1807 3266 emendatam.
2037 3225 2042 3230 ·
2879 3192 2903 3231 '-

592 3299 839 3374 Δίκα
870 3303 947 3373 δὲ
974 3289 1237 3391 λάμπει
1264 3303 1389 3390 μὲν
1415 3300 1488 3372 ἐν
1527 3299 1944 3385 δυσκάπνοις
1979 3271 2302 3392 δώμασιν,
2331 3305 2448 3375 τὸν
2478 3299 2808 3397 δ’ἐναίσι-

852 3433 980 3495 μον
1004 3403 1140 3478 τίει
1178 3405 1369 3494 βίον·
2586 3465 2591 3470 .

646 3511 735 3582 τα
779 3510 857 3583 δὲ
896 3507 1311 3601 χρυσόπασε’
1358 3505 1619 3580 εδεθλα
1662 3508 1781 3579 σὺν
1822 3505 2005 3609 πίνῳ
2047 3514 2259 3601 χερῶν

647 3604 1146 3706 παλιντρᾟποις
1187 3608 1458 3684 moso*

436 3765 446 3773 -
535 3794 543 3800 ,
639 3713 949 3807 ,ομμασιν
992 3715 1376 3811 ὃσιότροπα
1419 3716 1760 3808 προσέβα,

537 3861 548 3894 t
641 3823 926 3912 δύναμιν
967 3820 1046 3896 ου
1090 3825 1386 3913 σέβουσα
1427 3819 1753 3892 πλούτου
1734 3818 2175 3915 παράσημον
2219 3819 2423 3916 αινῳ·

646 3928 789 3998 πᾶν
831 3927 875 3996 δ
879 3923 1025 3999 ’ἔπι
1066 3927 1279 4019 τέρμα
1320 3927 1526 4020 νωμᾷ.

441 4038 512 4104 1n
548 4057 728 4104 versu
767 4038 1032 4103 secundo
1074 4039 1316 4104 codices
1349 4037 1574 4102 habent
1608 4030 1697 4099 τὰ
1736 4027 2181 4122 χρυσόπαστα
2227 4028 2518 4103 <renam
2561 4044 2662 4101 aut
2711 4033 2800 4101 τὰ

438 4133 869 4232 χρυσόπαστ’“
896 4136 1147 4209 ἐσθλάς
1192 4134 1447 4207 ἔδεθλα
1491 4148 1690 4204 autem
1736 4136 2121 4204 scribendum
2178 4159 2315 4204 esse
2363 4141 2483 4204 iam
2540 4141 2800 4206 Auratus

442 4248 728 4325 coniecit,
776 4257 1248 4331 receperuntque
1298 4244 1618 4309 Schutzius
1671 4250 1731 4307 et
1777 4242 2187 4320 nex-mannus,
2236 4254 2306 4309 ut
2356 4244 2801 4312 evidentissime

440 4371 666 4417 verum.
759 4351 1094 4416 Partculam
1137 4342 1216 4416 δέ
1255 4348 1572 4432 transponi
1611 4364 1860 4412 neeesse
1898 4347 2037 4426 suit,
2077 4367 2197 4432 quo
2235 4367 2446 4414 versus
2485 4349 2799 4435 strophioo
