3102 4866
2474 14 2483 24 ·
2577 0 2694 41 ‘h‘
2890 38 2897 43 ,
2972 0 3009 41 -.·ι

2578 190 2611 205 ...

2578 219 2613 292 j„-
2908 270 2917 275 ,

1579 307 1668 375 so
2579 288 2709 396 1⁵5*
2793 303 2811 324 ⁸
2896 380 2909 393 ,

2578 396 2613 437 ρ
2760 415 2771 421 -

447 511 602 572 τοις
634 502 740 560 aut
780 485 1299 579 ἀδαμαντίνως,
1352 506 1414 564 et
1453 495 1779 567 πέδαισιν
1828 507 1932 566 aut
1971 492 2267 588 πέδῃσιν
2313 510 2487 569 extat.
2555 472 2804 591 ,hai-Q

446 604 662 676 nnus“,
688 597 882 683 inquit
908 598 1296 678 Wieselenm
1328 604 1474 689 „qui
1498 615 1773 670 accurate
1796 604 2201 690 pensitam-it
2238 616 2605 690 quantopere
2629 604 2803 675 m*

448 719 588 768 cum
623 701 909 768 mone·
946 707 1324 771 consentiant
1368 721 1430 774 et
1465 709 1546 773 ab
1599 729 1698 788 ea,
1751 728 1903 793 quae
1955 729 1993 774 a
2028 709 2346 774 scholiasta
2382 708 2805 797 Ais-intestam
3052 696 3066 751 ἶ
3096 688 3101 693 ’

447 804 660 870 tradita
718 814 842 885 eat,
911 807 1280 894 disci-spent,
1349 812 1432 877 illi
1501 813 1777 878 codicum
1834 811 2158 879 consensui
2225 813 2362 897 plus
2420 811 2806 883 unvamma
2918 864 3069 921 „gd

433 908 738 988 censebit,
806 930 986 994 quam
1055 914 1461 981 scholiastae.“
1569 917 1721 984 mhi
1771 927 2025 998 cona-a,
2077 935 2200 1000 quo
2265 915 2401 1000 quis
2472 911 2813 983 accuratius
2824 912 2851 931 “⁸
2872 900 2921 927 “
2942 896 2969 920 γ
3028 908 3035 915 ’

444 1012 614 1078 illum
685 1032 1045 1082 consensum
1094 1020 1564 1087 consideraverit
1635 1039 1996 1105 causamque
2065 1021 2194 1085 eius
2263 1020 2653 1104 reputaverit,
2727 1040 2803 1086 eo
2922 1020 2937 1032 '

446 1116 649 1183 minua
716 1118 772 1182 ei
821 1119 1152 1187 tribum-us
1205 1122 1454 1190 videtur.
1544 1122 1794 1190 Constat
1859 1123 2023 1189 enim
2080 1142 2292 1190 omnes
2360 1123 2493 1189 illos
2564 1124 2803 1190 codices

445 1241 522 1287 ex
565 1240 706 1288 uno.
738 1223 1014 1308 exemplo
1052 1225 1343 1309 originem
1383 1227 1631 1303 babere,
1681 1226 1844 1311 quod
1889 1226 2229 1311 exemplum
2267 1246 2453 1312 quum
2499 1226 2652 1292 alius
2689 1226 2805 1292 alio

446 1324 682 1391 fidelius
716 1336 1146 1409 repraesentet,
1194 1339 1478 1413 poterunt
1526 1329 1672 1395 hinc
1705 1331 1861 1395 inter
1903 1350 1971 1396 se
2009 1332 2337 1414 comparati
2374 1331 2468 1397 alii
2510 1329 2642 1395 aliis
2671 1349 2805 1395 me-

443 1429 629 1494 liores
668 1438 771 1495 aut
808 1429 1135 1496 deteriores
1171 1431 1313 1508 dici,
1354 1451 1688 1498 consensus
1729 1442 1925 1498 autem
1967 1434 2237 1499 omnium
2274 1433 2421 1500 nibil
2456 1434 2615 1500 aliud
2654 1452 2807 1518 pro-

445 1532 651 1611 habite
699 1552 888 1617 quam
931 1535 1150 1601 veteris
1206 1536 1361 1602 illius
1425 1536 1681 1621 exempli
1730 1536 2066 1603 lectionem.
2170 1537 2330 1603 Haec
2383 1538 2566 1624 igitur
2619 1557 2807 1622 quum

449 1638 727 1722 opposita
767 1638 848 1703 sit
885 1638 1049 1704 alteri
1085 1639 1321 1706 lectioni
1334 1688 1351 1717 ,
1400 1641 1473 1706 ab
1511 1639 1930 1723 Aristophanis
1978 1640 2302 1725 interprete
2341 1650 2633 1718 servatae,
2678 1654 2810 1707 non

446 1741 774 1806 multorum
811 1743 991 1808 nobis
1030 1743 1375 1809 testimonia
1415 1743 1623 1809 audire
1659 1744 1991 1810 videbimur
2026 1746 2135 1810 uni
2174 1745 2485 1830 opposita,
2530 1745 2637 1811 sed
2677 1746 2808 1811 sin·

447 1837 622 1928 gulos
643 1845 942 1929 utrimque
968 1856 1153 1913 testes
1174 1867 1310 1913 esse
1331 1848 1728 1925 censebimus,
1754 1867 2014 1932 quorum
2043 1849 2163 1914 utri
2183 1849 2361 1914 fldem
2391 1849 2803 1932 adiungamus,

447 1968 577 2017 non
604 1950 839 2030 aliunde
868 1952 983 2017 nisi
1014 1960 1118 2017 aut
1144 1952 1518 2035 exipsorum
1548 1953 1895 2018 auctoritate
1924 1962 2028 2018 aut
2048 1972 2122 2019 ex
2147 1954 2255 2030 rei,
2287 1973 2466 2038 quam
2495 1962 2809 2031 testantur,

447 2064 659 2122 natura
699 2074 772 2120 ac
811 2055 1222 2140 probabilitate
1267 2056 1710 2122 diiudicandum
1765 2056 1861 2123 sit.
1937 2056 2015 2122 Et
2055 2056 2130 2121 de
2179 2057 2524 2122 auctoritate
2566 2056 2810 2140 quidem

449 2160 571 2225 boc
594 2177 787 2225 unum
816 2176 980 2225 nunc
1007 2160 1204 2226 dicere
1232 2179 1587 2245 possumus,
1614 2160 1763 2226 nihil
1794 2178 2007 2226 causae
2036 2180 2203 2236 esse,
2242 2180 2351 2226 cm·
2378 2160 2543 2226 illum
2571 2161 2810 2226 Aristo·

447 2263 673 2348 pbauei
709 2262 1064 2329 scholiastae
1101 2265 1399 2342 codicem,
1445 2265 1618 2331 cuius
1661 2275 1898 2350 praeter
1932 2264 2054 2331 boc
2090 2283 2282 2331 unum
2321 2265 2626 2349 specimen
2661 2264 2813 2330 nihil

447 2368 628 2435 nobis
656 2367 944 2446 innotuit,
981 2365 1110 2433 no‘n
1145 2369 1453 2436 meliorem
1492 2380 1595 2437 aut
1632 2369 1781 2436 adeo
1822 2369 2179 2435 deteriorem
2208 2368 2327 2435 isto
2365 2369 2553 2436 luisse
2577 2357 2835 2436 iudico-v

446 2491 608 2549 mus,
637 2472 799 2537 unde
827 2474 1025 2538 nostri
1052 2473 1288 2539 codices
1318 2474 1633 2554 fluxerunt,
1663 2493 1843 2558 quem
1873 2473 2114 2558 quidem
2142 2491 2269 2539 non
2298 2475 2596 2559 optimum
2624 2475 2811 2540 luisse

327 2650 338 2659 ,
447 2577 653 2643 multis
684 2578 1048 2660 argumentis
1080 2578 1392 2663 colligitur.
1479 2578 1631 2644 Rem
1668 2586 1864 2643 autem
1894 2577 2086 2660 ipsam
2126 2596 2235 2660 per
2264 2596 2332 2642 se
2360 2578 2808 2662 contemplanti,

448 2701 575 2748 non
601 2682 824 2766 poterit
850 2681 1100 2749 dubium
1126 2682 1331 2759 videri,
1362 2692 1497 2747 utra
1524 2682 1697 2747 lectio
1728 2678 2094 2764 probabilior
2121 2679 2216 2743 sit.
2274 2678 2429 2745 Nam
2459 2683 2623 2765 qnod
2644 2682 2809 2747 Wie-

447 2785 675 2852 selerus
703 2785 1066 2869 hancquam
1095 2786 1452 2851 scholiastes
1480 2785 1658 2850 babet
1683 2784 2001 2849 lectionem
2030 2783 2353 2854 coniectori
2383 2783 2555 2850 alicui
2584 2784 2808 2861 deberi,

447 2908 577 2956 non
604 2909 679 2955 ex
698 2888 1017 2972 integriore
1043 2889 1200 2955 libro
1225 2898 1522 2956 servatam
1554 2908 1688 2954 esse
1717 2887 1955 2964 iudicat,
1984 2886 2143 2952 nulla
2165 2888 2396 2952 ratione
2423 2888 2581 2953 facit.
2649 2886 2807 2966 Quid

447 2995 616 3059 enim
641 2994 707 3059 in
735 2993 1094 3060 coniectoris
1122 2993 1280 3060 illius
1311 2985 1467 3058 libro
1508 2993 1799 3075 scriptum
1830 2991 2018 3055 luisse
2046 2975 2262 3066 credit,
2301 2990 2462 3073 qnod
2490 2991 2586 3056 ille
2616 2992 2810 3056 corri-

368 3121 374 3146 ὅ
447 3099 708 3184 gendum
737 3096 1074 3182 putaverit?
1132 3097 1387 3175 Hocine,
1425 3095 1586 3181 quod
1616 3094 1808 3160 nostri
1837 3092 2072 3159 codices
2099 3090 2365 3157 babent?
2423 3093 2645 3160 Parum
2675 3115 2810 3161 cre-
2896 3114 2911 3123 ·

448 3202 646 3268 dibilis
674 3204 790 3268 erit
817 3211 981 3269 tanta
1011 3202 1346 3286 corrigendi
1376 3200 1635 3265 audacia.
1694 3200 1789 3262 An
1821 3197 1992 3277 illud,
2023 3196 2185 3280 quod
2218 3195 2570 3262 Wieselerus'
2602 3188 2811 3264 verum

448 3304 714 3372 iudicat?
770 3305 1024 3388 Negabit
1047 3306 1200 3389 ipse,
1232 3301 1565 3387 corrigendi
1595 3320 1833 3367 causam
1867 3300 2073 3365 fuisse.
2132 3299 2510 3384 Quamquam
2535 3320 2653 3367 nos
2675 3304 2811 3387 qui-

350 3420 417 3474 12
457 3410 595 3475 dem
623 3409 791 3475 aliter
816 3410 1183 3486 iudicamus3
1222 3416 1282 3473 et
1308 3408 1527 3472 si‘vere
1555 3406 1675 3470 hoc
1703 3405 2010 3469 inventum
2039 3404 2105 3468 in
2132 3403 2230 3469 illo
2259 3404 2416 3469 libro
2446 3405 2686 3484 finisset,
2714 3416 2809 3471 to-

453 3513 632 3579 lerari
654 3529 783 3580 non
806 3512 1084 3577 debuisse
1112 3509 1550 3577 contendimus.
1610 3507 1759 3583 Quis
1789 3508 1952 3572 enim
1980 3507 2155 3571 talem
2175 3526 2436 3586 versum,
2461 3528 2592 3575 non
2621 3511 2812 3576 dicam

448 3616 761 3701 Aeschylo,
793 3616 900 3681 sed
932 3615 1194 3700 quolibet
1232 3613 1308 3678 de
1345 3612 1517 3677 trivio
1557 3619 1734 3694 poeta
1763 3610 2011 3693 dignum
2040 3610 2289 3689 iudicet,
2329 3603 2816 3695 ἀδαμαντίνοις

448 3715 719 3800 πέδαις,
756 3715 831 3788 ἐν
874 3711 1239 3808 α’ρῤήκτοις
1279 3711 1594 3804 πέτραις,
1641 3712 1874 3779 duabus
1914 3714 2183 3798 partibus
2210 3716 2563 3800 aequalibus
2604 3719 2666 3781 in
2696 3718 2814 3782 ho·

449 3825 845 3892 moeoteleuta
872 3819 1327 3889 desinentibus?
1388 3824 1504 3886 Aut
1543 3819 1700 3903 quis
1721 3817 1795 3883 ab
1823 3818 2115 3903 Aeschylo
2155 3819 2260 3883 uni
2289 3820 2472 3887 verbo
2515 3812 2817 3906 ὀχμάσαι

451 3931 518 3995 in
543 3946 669 3995 uno
701 3927 992 3993 orationis
1022 3926 1318 4004 membro,
1348 3943 1472 3989 uno
1503 3930 1842 3988 structurae
1873 3931 2101 4000 tenore,
2130 3925 2283 3990 baec
2310 3926 2432 3992 duo
2462 3920 2641 4011 πρὸς
2680 3918 2813 3991 πέ-

452 4054 647 4186 τραις
688 4043 748 4098 et
790 4025 860 4097 ἐν
903 4026 1195 4118 πέτραις
1237 4029 1479 4112 adiungi
1507 4026 1782 4112 potuisse
1810 4025 2119 4092 credet?

1512 4189 1515 4193 Α
1633 4125 1829 4197 τόνδε
1870 4126 2078 4217 πρὸς
2116 4126 2462 4218 πέτραις

685 4179 1327 4328 ,ὕψηλοκρήμνσις
1365 4233 1503 4304 τὸν
1543 4230 1833 4319 λεωργὸν
1876 4225 2177 4319 ὀχμάσαι

477 4391 484 4398 -
537 4377 584 4408 ·..·
671 4379 676 4384 -
743 4334 1278 4426 ἆδαμαντίναις
1321 4335 1570 4418 πέδαις
1606 4333 1691 4405 ἓν
1716 4331 2077 4427 ἀρρήκτοις
2115 4334 2475 4427 πέτραις.
2574 4332 2580 4340 ’
