3102 4866
1276 323 1481 413 '321

248 534 510 617 Apparet
537 543 761 614 autem,
801 556 986 621 quum
1017 537 1183 621 plura
1212 535 1491 600 adiectivo
1518 543 2006 618 praecesserunt,
2039 531 2345 601 relativum
2370 552 2608 618 prono·

247 656 760 723 mennonposse
787 642 908 706 nisi
935 640 1738 726 pluralinmneroponi.-
1785 639 2607 724 Reliquamperiodipmsm

245 742 484 826 planam
514 751 576 808 et
601 745 1005 829 incorruptam
1036 765 1170 811 esse
1191 763 1430 822 censeo,
1459 763 1822 830 quamquam
1843 744 1926 810 ibi
1947 764 2189 829 quoque
2207 744 2607 821 Heindorflu,

247 844 654 929 Glogaviensis
694 851 919 916 codicis
958 866 1190 927 amore,
1238 849 1547 934 complura
1594 858 1828 933 praeter
1868 847 2286 917 necessitatem
2332 849 2607 916 turbavit.

245 949 316 1015 ln
349 952 443 1016 eis
482 961 710 1032 autem,
751 974 904 1039 qnae
940 974 1083 1020 mox
1122 961 1481 1039 sequuntur:
1519 954 1607 1019 ad
1644 953 2208 1020 similitudinem
2246 955 2430 1020 enim
2467 954 2602 1020 deo

246 1056 560 1140 propius
589 1059 978 1125 accedebat
1009 1059 1314 1124 humana
1351 1057 1584 1122 virtus
1622 1077 1831 1142 quam
1870 1058 2109 1142 figura
2136 1093 2255 1137 —,
2291 1059 2609 1125 licstdni·

247 1176 398 1224 ηιιιιι»
419 1160 585 1226 bunc
618 1162 748 1228 deo
787 1164 1023 1229 codices
1054 1181 1269 1227 omnes
1296 1162 1578 1237 offerant,
1618 1179 1875 1246 eumque
1903 1162 2143 1229 defendi
2180 1164 2380 1247 aliquo
2418 1164 2606 1230 modo
2798 1232 2801 1235 ,

123 1256 140 1270 “
244 1272 362 1352 nec·
387 1265 528 1329 sine
544 1266 882 1333 subtilitatis
908 1267 1221 1333 ctiiusdam
1250 1265 1449 1349 specie
1474 1260 1662 1350 posse
1684 1265 1937 1342 videam,
1964 1267 2065 1346 (cf.
2086 1265 2275 1333 Hand.
2295 1268 2605 1334 Turselio.
2729 1304 2733 1308 >

254 1368 282 1431 1
317 1387 379 1452 p
411 1367 516 1447 87,
541 1371 873 1493 Wopkens.
902 1372 1033 1437 lect.
1059 1371 1211 1436 Tull.
1240 1390 1302 1454 p.
1325 1368 1450 1436 188
1477 1371 1600 1489 sq.)
1632 1378 1831 1489 tamen
1859 1369 2136 1453 equidem
2164 1369 2607 1492 eleganslaam·

243 1576 438 1640 tiosos
468 1577 690 1644 horum
730 1593 1207 1691 propugnatores
1237 1580 1407 1707 sequi
1434 1579 1614 1713 malo.
1673 1577 1959 1644 Βοιωτίδι)
2002 1577 2182 1662 igitur
2214 1580 2300 1645 ad
2340 1579 2608 1646 simili-

238 1657 585 1746 tudinem
597 1683 733 1749 dei.
797 1702 804 1723 ·
837 1724 844 1729 -
955 1700 960 1717 ‘
1437 1712 1448 1733 ¹
2333 1698 2340 1731 ²
2422 1702 2483 1735 ¹
2586 1700 2597 1719 ¹

418 1783 560 1870 Cap.
589 1786 848 1865 mvl,
881 1790 1024 1855 100.
1094 1789 1493 1874 Posteaquam
1531 1790 1609 1854 de
1645 1787 1733 1853 eis
1774 1714 1999 1853 dictum
2038 1795 2160 1865 est,
2189 1787 2302 1872 qui
2338 1808 2377 1854 e
2410 1789 2609 1856 coele·

244 1887 429 1951 stium
457 1907 662 1956 rerum
691 1893 1194 1977 contemplatione
1222 1894 1621 1959 coniecturam
1652 1891 1915 1969 fecerint,
1943 1891 2197 1975 aliquam
2226 1893 2607 1960 excellmtem

243 2001 386 2056 esse
413 2002 931 2080 praestantemque
955 2003 1260 2073 naturam,
1291 2015 1444 2080 quae
1470 1996 1621 2061 haec
1647 1995 1913 2072 lecisset,
1941 2005 2229 2072 moveret,
2258 2007 2489 2081 regeret
2510 2007 2608 2065 at-

244 2086 762 2178 que'guhemmt,
789 2100 1422 2183 haecsubiungunturt
1451 2099 1573 2183 qui
1604 2098 1889 2164 etiamsi
1919 2100 2261 2165 aberrant
2287 2122 2322 2166 a
2346 2102 2608 2168 conie-

243 2205 479 2277 ctura,
506 2201 715 2267 video
745 2199 983 2269 tame‘n
1011 2205 1184 2288 quid
1209 2212 1631 2288 sequantur.
1668 2203 1774 2268 Sic
1791 2204 1974 2280 enim,
2002 2203 2407 2270 abet-rann
2427 2224 2608 2271 con-

149 2326 154 2335 ·
244 2294 548 2382 iectura,
578 2314 640 2370 et
668 2308 925 2384 codices,
954 2316 1025 2373 ut
1052 2309 1312 2386 videtur,
1345 2325 1591 2385 omnes,
1616 2315 1679 2371 et
1702 2306 1996 2372 editiones
2024 2305 2341 2392 pleraeque
2365 2308 2609 2392 habent,

246 2405 474 2491 fuitque
502 2409 668 2489 adeo,
700 2409 804 2495 qui
830 2411 990 2479 hanc
1014 2411 1326 2479 lectionem
1356 2419 1567 2478 contra
1594 2411 1853 2477 Walkeri
1882 2411 2288 2497 suspicions·
2314 2411 2472 2479 tuoei
2488 2432 2638 2481 coe,

243 2520 515 2591 narretur,
535 2513 943 2599 Wopkensius
967 2509 1321 2583 Lectt'l'ull.
1343 2517 1416 2594 11,
1437 2516 1477 2581 3
1500 2517 1562 2600 p.
1583 2514 1728 2594 136,
1744 2516 1846 2582 ’eui
1863 2516 2247 2582 Heindorflus
2268 2517 2484 2602 aliique
2498 2535 2609 2583 us·
2724 2597 2729 2602 ¹

126 2671 134 2679 .
243 2625 580 2682 senserunt.
626 2617 1793 2705 ,‚Phrasinista1u“inquitWopkensius
1814 2620 1954 2698 „hic
1966 2619 2235 2685 facillime
2249 2631 2610 2707 stareposse

243 2720 460 2796 credo,
502 2721 834 2788 dummodo
872 2743 984 2808 per
1019 2725 1507 2791 coniecturam
1546 2725 1726 2808 pleno
1757 2741 1943 2788 sensu
1971 2723 2260 2808 intelligas
2299 2726 2605 2793 coniectu·
2640 2740 2711 2796 26

243 2841 371 2887 ram
412 2843 550 2890 cum
589 2827 831 2903 effectu,
873 2848 907 2892 a
947 2829 1125 2894 bonis
1176 2829 1489 2913 principiis
1529 2828 1681 2893 bene
1717 2828 2172 2912 procedentem,
2218 2839 2281 2893 et
2318 2849 2435 2914 qua
2472 2832 2609 2916 quis

241 2928 495 3009 proinde
520 2930 823 3018 veritatem
862 2941 964 2997 aut
995 2933 1469 3018 probabilitatem
1508 2932 1924 3017 adaequat-nst
1983 2932 2102 2997 Sed
2141 2933 2325 2998 istum
2362 2936 2611 3017 plenum

243 3050 490 3097 sensum
519 3027 899 3102 coniecturae
926 3056 1038 3121 ego
1067 3055 1325 3122 prorsus
1356 3028 1840 3102 commenticium
1868 3036 2150 3119 nullaque
2178 3038 2411 3103 ratione
2437 3058 2610 3105 sum·

243 3142 414 3218 ptum
445 3156 581 3203 esse
607 3138 879 3205 arbitror.
951 3141 1106 3206 Sunt
1133 3161 1278 3206 sane
1305 3141 1525 3206 multae
1558 3141 1933 3206 coniecturae
1968 3141 2144 3218 tales,
2185 3142 2386 3225 quales
2415 3143 2609 3228 Wop-

241 3236 492 3304 kensius
523 3240 869 3326 desa-ipsiu
899 3244 1006 3308 sed
1036 3251 1181 3309 sunt
1203 3245 1388 3309 etiam
1415 3245 1597 3321 leves,
1621 3263 1837 3321 vanae,
1870 3244 2095 3330 futiles,
2127 3266 2161 3310 a
2190 3246 2356 3311 falsis
2382 3248 2610 3332 princi—

240 3340 360 3422 piis
387 3360 516 3407 non
543 3344 697 3411 bene
724 3348 1148 3431 procedentes,
1188 3368 1260 3413 ac
1284 3348 1538 3433 proinde
1566 3367 1603 3412 a
1629 3348 1873 3413 veritate
1899 3360 2002 3413 aut
2028 3350 2445 3434 probabilitate
2471 3352 2610 3417 lon·

243 3445 490 3527 gissime
517 3447 881 3528 aberrantes,
911 3470 1109 3536 neque
1133 3463 1335 3518 tamen
1366 3471 1440 3517 eo
1451 3452 1673 3517 minus
1704 3453 2078 3518 coniecturae
2110 3453 2416 3533 dicuntur,
2442 3456 2608 3539 quod

241 3547 370 3613 fieri
398 3545 671 3635 profecto
698 3572 1007 3640 nunquam
1037 3565 1276 3641 posset,
1312 3566 1383 3622 ut
1408 3556 1568 3621 ido·
1595 3574 1822 3622 nomen
1846 3557 2031 3623 rebus
2063 3559 2379 3624 contrariis
2401 3560 2611 3645 impo-

239 3660 501 3731 neretur,
529 3655 648 3721 nisi
675 3668 838 3724 esset
864 3659 986 3725 hoc
1014 3677 1240 3726 nomen
1260 3661 1491 3726 mediae
1512 3661 1985 3745 significationis,
2016 3664 2177 3746 quod
2201 3682 2398 3748 neque
2417 3682 2611 3729 uuum

241 3751 384 3817 illud
415 3767 646 3825 rectum
674 3779 746 3827 ac
771 3764 1080 3847 probabile
1102 3765 1474 3831 coniectandi
1495 3783 1706 3848 genus,
1734 3785 1929 3850 neque
1948 3768 2070 3833 hoc
2086 3768 2336 3832 alterum
2358 3786 2610 3851 pravum
2726 3835 2733 3840 .

237 3864 419 3941 etque
439 3879 790 3943 perversum
806 3914 822 3943 ‚
862 3869 970 3933 sed
995 3868 1294 3934 utrumvis
1321 3869 1573 3954 pariter,
1608 3889 1724 3953 pro
1753 3889 1822 3935 re
1849 3880 1987 3936 nata
2002 3919 2018 3948 ,
2059 3871 2424 3954 designaret,
2440 3890 2612 3955 pro·

240 3960 434 4044 priam
457 3969 658 4030 autem
688 3968 914 4034 nullam
943 3989 1143 4056 neque
1170 3981 1368 4037 rectae
1396 3971 1648 4037 rationis
1678 3974 2242 4058 acprobabilitatis,
2270 3994 2482 4058 ‘neque
2500 3967 2611 4040 vass-
2648 3979 2657 3984 '

209 4063 454 4129 'nitatis
474 4075 653 4151 atque
675 4073 931 4149 erroris,
968 4074 1226 4158 denique
1254 4074 1401 4139 nihil
1429 4075 1547 4140 nisi
1578 4076 1802 4141 nudam
1833 4076 1990 4142 illam
2024 4077 2390 4151 coniectandi
2420 4078 2611 4161 signi-

233 4169 579 4235 fication·-
611 4173 872 4240 haberet.
934 4178 1111 4253 Quod
1140 4187 1339 4244 autem
1368 4178 1666 4256 Handius‚
1699 4180 1790 4243 vir
1817 4179 2233 4259 doctissimus,
2260 4182 2612 4266 Wopkensii

233 4271 792 4357 interpretationem
822 4280 904 4345 ita
934 4282 1214 4359 correxit,
1250 4291 1322 4347 ut
1358 4282 1705 4364 aberrare
1741 4303 1778 4348 a
1808 4284 2235 4350 coniectura
2273 4304 2413 4351 eum
2446 4286 2611 4351 dioe-

323 4377 423 4442 111.
885 4420 896 4430 ·
1895 4390 1911 4407 ⁸
1949 4386 1957 4394 ’
2110 4390 2187 4453 21
