3102 4866
1326 269 1502 377 ,m
1631 269 1648 282 ,

1 521 13 564 ι
256 501 2613 588 ηὶωίεἰηεμωηωιοαρραηιΝιωψοαΒεῆεὶοοιοωψιΠοωω,

2 609 11 670 ἰ
252 609 431 691 longe
459 607 663 672 omnis
704 606 921 672 diversi
946 607 1182 690 generis
1211 625 1348 672 esse
1375 604 1627 689 quilibet
1663 607 1830 672 facile
1865 607 2169 690 intelliget.
2255 605 2428 671 Velut
2451 603 2613 689 apud

1 731 11 774 ι
254 711 535 776 Plautum
574 710 726 775 Rud.
765 709 872 787 m,
910 713 980 787 4,
1018 710 1132 787 62,
1169 718 1564 794 posteaquam
1591 730 1753 777 unus
1775 712 1957 778 dixit:
2008 713 2252 796 Ignem
2279 728 2612 794 magnum
2655 793 2660 800 .

1 839 11 880 ι
66 865 87 872 -
254 816 374 881 hic
398 815 683 892 faciam,
714 814 1020 897 subiungit
1046 802 1218 880 alter:
1250 815 1438 892 Quin
1475 823 1557 880 ut
1593 816 1973 882 humanum
2007 835 2273 883 exuras
2293 813 2612 882 tinitoni-
2650 872 2657 880 .

1 925 9 986 ἰ
252 919 390 985 licet
416 919 553 1003 quia
582 919 778 1001 ignem
802 917 897 984 ille
924 929 1381 996 memoraverat,
1403 920 1615 984 iocose
1643 920 1788 1004 quid
1814 921 1913 986 illo
1945 922 2073 987 fieri
2101 919 2303 1006 possit
2323 919 2614 1001 indic-‚nm

1 1049 9 1091 ι
256 1025 625 1109 Augustinus
663 1031 895 1100 autem,
934 1039 1119 1107 qumn
1150 1023 1317 1102 dicit,
1357 1023 1431 1088 de
1459 1039 1614 1090 mor.
1648 1025 1862 1090 cathol.
1895 1025 2103 1090 eccles.
2133 1044 2192 1089 c:
2213 1023 2321 1100 30,
2343 1031 2615 1117 tantus

1 1157 7 1196 r
256 1128 586 1194 caritatis
615 1127 832 1192 ardor
859 1125 1296 1204 innascitur,
1333 1135 1411 1190 ut
1447 1128 1733 1193 exustis
1775 1127 2119 1194 omnibus
2153 1127 2363 1194 vitiis
2391 1128 2613 1194 bomo

2 1261 7 1302 ι
256 1231 795 1306 sanctificetur,
831 1230 987 1295 hanc
1021 1231 1216 1314 ipsam
1258 1230 1491 1295 ardoris
1530 1231 1850 1314 imaginem
1879 1241 2128 1317 perapte
2151 1234 2331 1303 etiam
2349 1230 2435 1297 ad
2459 1250 2614 1298 exn·

1 1365 7 1408 ι
256 1337 514 1401 stionem
543 1334 824 1400 vitiorum
854 1334 1126 1399 traducit.
1217 1331 1488 1399 Ceterum
1519 1334 1754 1400 etiamsi
1784 1336 2010 1401 nullum
2040 1336 2302 1401 caritatis
2321 1336 2612 1404 ardorem

1 1470 6 1512 ι
257 1449 427 1506 antea
457 1447 1013 1516 commemorasset,
1040 1447 1244 1503 tamen
1273 1438 1474 1504 exuri
1503 1439 1641 1503 vitia
1671 1439 1867 1505 dicere
1887 1440 2202 1523 potuisset,
2229 1438 2614 1504 similitudme
2649 1451 2714 1505 ιο

256 1566 290 1610 e
318 1545 565 1611 medicis
596 1544 790 1621 ducta,
819 1544 924 1626 qui
948 1542 1183 1608 urendo
1224 1543 1499 1626 corporis
1538 1542 1675 1607 vitia
1715 1542 1930 1607 delent.
2017 1543 2137 1608 Sed
2178 1544 2447 1628 quamvis
2475 1544 2616 1610 sitia

256 1670 327 1714 ex
356 1647 559 1715 animo
590 1648 755 1712 exuri
782 1656 941 1711 reete
968 1647 1085 1712 dici
1112 1646 1370 1731 possint,
1398 1645 1786 1730 opinionibus
1815 1653 2013 1710 tamen
2042 1657 2101 1711 et
2119 1647 2643 1731 persuasionibus-

259 1763 375 1819 tam
415 1752 729 1816 violmtam
769 1750 1125 1816 medicinam
1165 1748 1444 1815 adhibere
1493 1768 1675 1814 nemo
1729 1749 1894 1815 facile
1941 1750 2118 1835 volet,
2201 1753 2414 1837 ltaque
2443 1755 2628 1839 quod-

257 1857 417 1942 apud
456 1855 741 1921 Senecam
782 1854 1025 1938 legitur,
1072 1856 1246 1940 epist.
1282 1853 1470 1921 LXIX
1509 1874 1571 1939 p.
1619 1853 1741 1920 190
1780 1855 2002 1920 Gron.:
2039 1855 2104 1919 ei
2143 1856 2265 1939 qui
2300 1875 2614 1930 amorem

259 1979 564 2026 exurere
602 1968 939 2035 conatur,
976 1958 1221 2043 probari
1252 1961 1508 2023 sortasse
1535 1967 1755 2041 potest,
1787 1958 2080 2043 siquidem
2111 1961 2405 2027 amoriile
2429 1963 2497 2030 in
2523 1963 2616 2030 vi·

258 2066 359 2131 tiis
385 2065 657 2142 babetur,
696 2073 979 2147 tanquam
1018 2063 1266 2129 morbus
1304 2064 1545 2148 quidam
1576 2063 1777 2128 animi.
1834 2064 2060 2129 Nostro
2105 2074 2302 2131 autem
2340 2066 2480 2132 loco
2517 2066 2615 2132 in-

257 2177 465 2254 eptum
517 2169 761 2234 verbum
811 2187 948 2234 esse
985 2187 1197 2233 omnes
1239 2176 1474 2251 praeter
1513 2167 1815 2233 Darisium
1853 2178 2323 2248 consenserunt,
2363 2181 2429 2236 α
2453 2189 2535 2236 ne
2555 2165 2615 2236 is'

257 2273 498 2359 quidm
549 2274 833 2339 incertam
885 2268 1043 2357 apud
1084 2272 1372 2337 Senecam
1410 2261 1736 2336 lectionem
1763 2291 1902 2337 esse
1954 2271 2312 2339 dissimulat:
2359 2293 2505 2341 mm
2545 2276 2614 2342 ‘m

257 2398 385 2446 non
415 2379 622 2471 paucis
652 2378 955 2444 codicibus
984 2396 1245 2443 exuere
1274 2376 1568 2461 scriptum
1597 2385 1707 2454 est,
1732 2375 1915 2460 idque
1953 2377 2316 2444 recentiores
2347 2378 2614 2447 editores

254 2492 626 2569 receperunt.
713 2486 905 2566 Atque
930 2483 1053 2548 hoc
1080 2483 1281 2567 ipsum
1311 2480 1616 2546 exuendi
1652 2479 1900 2545 verbum
1930 2482 2105 2545 etiam
2137 2482 2206 2548 in-
2229 2483 2348 2550 boc
2373 2483 2614 2553 Cicero-
2702 2514 2707 2522 ¹

254 2590 352 2655 nis
380 2590 518 2655 loco
548 2607 582 2652 a
613 2588 850 2652 duobus
881 2586 1188 2652 codicibus
1220 2586 1483 2651 oblatum
1522 2592 1879 2669 receperunt
1914 2585 2189 2651 Moserus
2224 2585 2286 2651 in
2318 2589 2414 2654 ed:
2439 2590 2615 2667 min„

252 2693 508 2759 Orellius
541 2701 601 2757 et
626 2710 822 2775 nuper
840 2691 1026 2756 etiam
1044 2691 1352 2757 Klotzius:
1385 2709 1578 2774 neque
1604 2709 1718 2772 ego
1733 2689 1794 2754 id
1810 2689 1873 2754 in
1888 2692 2092 2773 priore
2113 2691 2375 2758 editione
2395 2696 2622 2779 sprevi.-

122 2874 130 2878 ,
250 2797 425 2863 Nunc
461 2808 658 2862 autem
696 2815 762 2860 re
796 2796 1130 2860 accinatius
1171 2796 1542 2861 considerata
1580 2794 2022 2877 reprobandum
2056 2814 2270 2861 censeo
2296 2811 2615 2882 propterea

251 2902 414 2985 quod
438 2920 669 2971 exuere
697 2900 940 2984 quidem
970 2899 1230 2984 aliquam
1263 2899 1608 2983 opinionem
1640 2898 1694 2962 is
1725 2899 1883 2982 ipse,
1913 2899 2084 2963 cuius
2113 2899 2489 2978 ea·est,·non
2507 2905 2615 2970 fia-

254 3015 391 3089 epte
420 3006 651 3082 dicitur,
681 3004 1189 3088 quemadmodum
1220 3001 1656 3086 obsequium
1687 3022 1954 3067 exuere
1971 3006 2134 3088 apud
2160 3004 2436 3071 Tacitum
2458 3008 2645 3089 Anu„

250 3110 360 3187 111,
418 3110 515 3175 13.
560 3110 874 3173 virtutes
914 3126 1176 3173 exuere
1212 3108 1373 3171 Anm
1404 3105 1461 3184 1,
1507 3109 1610 3172 75.
1653 3107 1826 3173 vitia
1864 3127 2123 3175 exuere
2161 3110 2313 3174 Anu.
2356 3110 2459 3189 Vl,
2508 3112 2615 3179 25,
2730 3114 2756 3184 “,

253 3215 480 3298 aliaque
508 3213 743 3290 similia,
774 3214 878 3278 ubi
909 3212 1081 3298 quasi
1110 3211 1351 3295 quidam
1382 3211 1621 3276 habitus
1651 3211 2019 3296 intelligitur:
2048 3223 2112 3279 at
2135 3233 2279 3279 vero
2310 3216 2480 3280 exui
2507 3217 2617 3281 vi·-

253 3320 350 3384 tia
387 3339 470 3384 ex
496 3319 744 3407 aliquo
776 3336 901 3381 non
940 3315 1287 3398 magis-dici
1318 3326 1608 3399 possunt,
1648 3335 1829 3400 quam
1870 3317 2110 3382 babitus
2150 3337 2225 3383 ex
2246 3318 2450 3403 aliquo
2469 3321 2617 3386 uni
2715 3402 2724 3413 ,

253 3423 484 3488 dicitur.
544 3423 750 3505 Neque
778 3414 969 3503 magis
997 3420 1237 3505 probari
1267 3429 1471 3504 potest
1496 3420 1745 3485 verbum
1776 3422 2003 3499 exire,
2033 3422 2197 3505 quod
2223 3421 2616 3489 Heindorfius

253 3550 289 3592 e
316 3526 728 3611 Rehdigerano
757 3537 820 3591 et
844 3525 1220 3608 Glogaviensi
1250 3525 1473 3602 ascivit,
1505 3544 1698 3609 eoque
1720 3545 1904 3590 sensu
1923 3527 2112 3610 accipi
2136 3527 2276 3605 vult,
2295 3547 2428 3611 que
2457 3530 2614 3613 apud
2743 3513 2753 3521 ’

244 3631 564 3707 Senecam,
594 3632 669 3696 de
697 3631 890 3696 benef.
921 3630 1020 3707 111,
1050 3629 1153 3706 38,
1180 3650 1217 3694 e
1245 3631 1592 3694 memoria
1623 3630 1998 3695 hominum
2031 3632 2227 3696 exire
2251 3631 2480 3699 dictum
2498 3620 2615 3701 est,

255 3735 408 3800 Nam
436 3753 549 3799 nec
577 3735 801 3800 Seneca
829 3734 1078 3799 verbum
1109 3734 1303 3799 solum
1333 3733 1556 3811 exire,
1591 3752 1722 3798 non
1749 3734 1953 3800 addito
1983 3734 2200 3799 illo-ex
2237 3738 2617 3815 memoria,

254 3857 546 3921 usurpare
575 3829 871 3921 potuisset
897 3839 973 3902 de
1002 3858 1075 3904 eo
1094 3888 1110 3917 ,
1141 3838 1302 3923 quod
1335 3838 1504 3903 alicui
1536 3858 1609 3903 ex
1638 3839 1841 3904 animo
1872 3840 2076 3917 effluit,
2105 3840 2165 3902 h.
2193 3859 2252 3903 e.
2281 3842 2448 3923 quod
2481 3843 2617 3926 quis

254 3942 647 4019 obliviscitur,
686 3961 879 4028 neque
916 3944 1074 4027 apud
1103 3942 1452 4008 Ciceronem
1482 3941 1659 4008 Cotta
1684 3978 1771 3992 -
1801 3944 1854 4008 is
1893 3938 2055 4007 enim
2093 3942 2357 4027 loquitur
2383 3979 2473 4017 ——r
2499 3946 2620 4011 boc

253 4047 476 4112 dicere:
504 4065 631 4111 non
662 4048 793 4111 fore
823 4056 888 4111 ut
917 4047 1362 4113 oblivisceretur
1380 4048 1528 4112 deos
1548 4067 1702 4125 esse,
1732 4047 1836 4111 sed
1869 4048 2010 4112 illud
2039 4048 2274 4131 potius:
2304 4066 2616 4136 nunquam
2709 4098 2716 4107 .

251 4171 320 4216 se
345 4171 669 4235 passurum
698 4153 855 4216 hanc
882 4151 996 4215 sibi
1024 4153 1479 4236 persuasionem
1508 4152 1585 4217 ab
1614 4152 1809 4235 aliquo
1840 4170 1911 4215 ex
1941 4152 2142 4216 animo
2173 4151 2358 4231 evelli.
2411 4155 2618 4240 Itaque

253 4275 440 4338 quum
478 4267 685 4339 aptum
725 4257 868 4321 huic
905 4258 1229 4323 sententiae
1276 4257 1524 4322 verbum
1580 4257 1922 4321 coniectura
1976 4259 2388 4340 quaerendum
2437 4271 2617 4339 esset,

253 4379 365 4443 ego
419 4360 655 4444 quidem
708 4360 918 4424 eximi
968 4380 1005 4425 a
1044 4360 1330 4425 Cicerone
1368 4361 1657 4444 scriptum
1698 4380 1836 4425 esse
1874 4362 2214 4445 suspicatus
2243 4382 2419 4455 sum,
2449 4365 2613 4447 qued
