3102 4866
1556 341 1680 408 158

419 532 640 599 Paride
660 533 906 599 dieitur:
958 524 1153 621 ἔτλης
1176 527 1365 598 θεῶὑ
1395 521 1673 609 &carde
1695 525 1981 618 ἐκβῆναι
2007 522 2232 618 δίκην,
2259 524 2508 611 tolgan,-
2529 523 2799 617 τρόπε-

421 632 557 717 ζσν
575 628 1074 715 κᾶνωιωτώσας
1108 629 1340 719 θέμιν.
1410 636 1619 720 Itaque
1642 635 1955 701 voluerunt
1980 634 2067 717 illi
2112 629 2458 718 λάκτισμα
2506 628 2793 702 δείπνου

417 743 592 807 idem·
605 737 743 807 esse
770 742 950 826 quod-
966 732 1304 824 ἆτίμωσιν
1327 735 1681 826 τραπέζας,
1711 740 2218 825 quemadmodum
2246 739 2573 823 Aeschylus
2603 758 2791 823 supra

417 846 702 930 loquutus
743 854 837 910 est
862 865 918 909 v.
950 845 1108 922 6773
1166 846 1447 930 quodque
1488 846 1565 910 de
1600 845 1835 910 Paridis
1878 844 2097 910 iniuria
2138 853 2303 909 recte
2339 843 2583 919 dicitur,
2628 843 2793 907 idem

418 950 597 1014 etiam
625 950 707 1015 de
728 949 893 1014 Atrei
928 950 1194 1015 facinore
1230 950 1346 1015 dici
1384 950 1659 1033 potuisse
1696 949 1921 1033 opinati
1959 958 2122 1014 sunt.
2209 948 2395 1013 Miror
2422 948 2795 1043 Schutzium,

419 1054 702 1137 elegantis
731 1054 997 1138 alioquin
1040 1053 1259 1136 ingenii
1296 1053 1522 1131 virum,
1571 1062 1632 1118 et
1672 1054 1794 1119 hoc
1827 1054 2076 1118 nomine
2120 1052 2332 1118 ceteris
2364 1051 2796 1137 interpretibus

417 1158 718 1243 ples-isque
744 1159 923 1242 longe
951 1159 1448 1242 praestantiorem
1461 1206 1479 1235 ‚
1508 1175 1637 1222 non
1666 1157 2059 1241 persensisse,
2088 1177 2271 1242 quam
2298 1157 2421 1223 hoc
2447 1155 2797 1222 incredibile

418 1270 481 1328 et
503 1271 690 1345 poeta·
711 1262 803 1328 vel
829 1261 1135 1339 mediocri,
1165 1262 1388 1327 nedum
1419 1260 1708 1343 Aeschylo
1722 1308 1741 1337 ,
1767 1259 2082 1344 indignum
2109 1271 2286 1327 esset.
2373 1260 2648 1343 Namque
2672 1258 2797 1324 Pa·

418 1366 566 1431 ridis
595 1374 933 1449 peccatum,
973 1366 1243 1450 quamvis
1278 1362 1664 1448 vituperabile
1693 1373 1756 1429 et
1780 1365 1946 1430 -iusta
1990 1366 2243 1431 deorum
2278 1363 2797 1431 animadversione

418 1471 694 1553 dignum,
739 1478 970 1545 tamen,
1015 1468 1070 1533 si
1099 1488 1238 1534 cum
1270 1470 1430 1533 Atrei
1458 1468 1726 1533 facinore
1752 1480 2163 1553 comparatur,
2211 1470 2340 1534 leve
2366 1477 2428 1533 et
2457 1468 2795 1533 humanum

416 1574 601 1639 videri
630 1573 823 1638 debet.
909 1572 1041 1649 Ille,
1080 1573 1303 1639 alienae
1331 1572 1599 1638 mulieris
1626 1592 1833 1637 amore
1863 1582 2094 1656 captus,
2126 1571 2372 1656 hospitii
2400 1572 2495 1637 ius
2525 1571 2795 1647 violavit3

417 1679 664 1754 Atreus,
694 1677 893 1743 fratris
925 1677 1067 1742 odio
1095 1677 1526 1753 infiammatus,
1568 1677 1945 1742 sanctissima
1973 1685 2220 1742 naturae
2248 1677 2377 1741 iura
2405 1676 2795 1751 conculcavit,

417 1781 723 1845 innocenti
751 1799 1077 1864 puerorum
1109 1781 1400 1864 sanguine
1436 1801 1506 1847 se
1547 1780 1786 1865 polluit,
1830 1780 2091 1846 tiliorum
2128 1780 2354 1846 viscera
2392 1781 2549 1863 patri
2584 1800 2793 1845 come·-

322 1922 334 1934 ,
418 1885 613 1950 denda
641 1885 821 1961 dedit,
850 1885 1108 1968 denique
1133 1884 1197 1950 id
1224 1885 1463 1951 sceleris
1493 1883 1814 1961 commisit,
1853 1885 2023 1950 cuius
2046 1885 2419 1950 atrocitatem
2447 1884 2613 1949 nullo
2646 1886 2794 1949 satis

416 1987 579 2070 gravi
606 1988 791 2054 verbo
820 1997 1031 2054 notare
1050 1989 1204 2066 licet,
1235 1990 1398 2072 quod
1423 2007 1667 2053 omnem
1691 1989 2076 2054 humanitatis
2101 1998 2344 2072 captum
2366 1988 2613 2065 excedit,
2640 1989 2795 2054 adeo

420 2101 488 2157 ut
514 2092 622 2157 Sol
657 2093 815 2176 ipse,
845 2093 947 2186 qui
977 2102 1069 2157 tot
1089 2094 1401 2157 hominum
1428 2094 1653 2158 scelera
1676 2092 1940 2176 quotidie
1963 2092 2246 2170 intuetur,
2275 2102 2475 2158 tamen
2498 2093 2622 2158 hoc
2640 2112 2794 2158 con-
2820 2098 2827 2101 “

418 2205 627 2280 specto
658 2196 869 2261 oculos
899 2195 1232 2261 obvolvisse
1261 2197 1509 2262 dicatur.
1597 2197 1674 2261 Et
1703 2196 2036 2280 Thyesten,
2087 2204 2210 2260 tam
2240 2196 2488 2260 immani
2530 2198 2797 2262 facinore

419 2300 675 2374 laesum,
719 2298 868 2363 nihil
906 2299 1061 2364 aliud
1092 2311 1491 2383 conquestum
1521 2319 1686 2377 esse,
1718 2319 2171 2383 quammensae
2196 2301 2511 2384 hospitalis
2533 2307 2648 2365 *aut
2673 2319 2795 2384 po-
2930 2379 2943 2385 ἱ

419 2403 540 2469 tius
583 2402 833 2467 convivii
872 2400 1295 2469 violationem?
1326 2404 1505 2488 idque
1532 2421 1663 2469 non
1692 2403 1946 2488 aliquem
1973 2404 2051 2470 de
2092 2404 2264 2470 trivio
2295 2405 2795 2480 versificatorem,

422 2506 529 2572 sed
557 2506 926 2590 Aeschylum,
961 2507 1253 2586 omnium,
1284 2516 1582 2592 quotquot
1609 2511 1876 2586 fuerunt,
1907 2519 2220 2592 poetarum
2250 2510 2429 2591 longe
2456 2508 2795 2593 principem

420 2611 509 2675 sic
537 2606 795 2675 fecisse?
834 2610 1010 2675 Absit
1038 2612 1112 2676 ab
1139 2611 1239 2676 illo
1270 2613 1527 2678 dedecus
1558 2614 1701 2691 boc;
1730 2613 1926 2678 absint
1956 2614 2309 2698 interpretes
2338 2613 2475 2679 talia
2505 2613 2793 2679 ferentes!

421 2713 622 2779 Satius
661 2716 934 2797 profecto
972 2716 1193 2791 fuerat,
1239 2715 1372 2780 illos
1411 2717 1647 2793 audire,
1700 2718 1801 2800 qui
1831 2717 2131 2801 Thyesten
2171 2726 2480 2802 comperto
2526 2718 2797 2785 facinore

420 2817 653 2883 exsilire
674 2818 749 2882 de
769 2817 1322 2903 sedemensamque
1343 2839 1609 2885 eversam
1631 2820 1887 2904 pedibus
1920 2822 2269 2887 conculcare
2307 2822 2605 2897 fecerunt,
2643 2840 2799 2905 quae

423 2922 745 2999 sententia,
776 2922 1047 3006 quamvis
1078 2923 1395 2988 manifesto
1426 2924 1571 2989 falsa
1601 2942 1798 3007 neque
1826 2925 1947 2989 ullo
1977 2926 2163 2990 modo
2195 2945 2268 2990 ex
2295 2924 2570 3009 Aeschyli
2596 2927 2801 2991 verbis

423 3024 733 3102 elicienda,
770 3033 999 3101 tamen,
1039 3024 1094 3089 si
1121 3043 1250 3090 rem
1279 3025 1470 3109 ipsam
1503 3026 1815 3106 intuearis,
1857 3029 2057 3094 minus
2088 3030 2286 3112 inepta
2324 3030 2646 3113 minusque
2674 3030 2802 3094 hoc

421 3139 599 3214 poeta
627 3128 868 3212 indigna
896 3127 1078 3193 videri
1107 3128 1304 3194 debet.
1395 3130 1553 3206 Quid
1594 3142 1791 3198 autem
1821 3133 2143 3217 Aeschylus
2174 3134 2412 3210 dixerit,
2442 3133 2642 3198 statim
2681 3153 2798 3217 pa-

420 3235 600 3299 tefiet.
685 3233 840 3297 Nota
870 3241 1014 3297 sunt
1049 3252 1123 3297 ex
1151 3232 1416 3298 Homero
1450 3225 1867 3322 ἀναθήματα
1896 3232 2159 3317 δαιτός,
2204 3232 2439 3324 μολπή
2470 3233 2591 3302 καὶ
2619 3231 2799 3326 φόρ-

419 3334 607 3424 μιγξ,
659 3356 847 3421 quum
884 3336 975 3401 vel
1005 3345 1214 3402 cantor
1252 3337 1462 3421 aliquis
1504 3340 1812 3423 epulantes
1857 3350 2035 3406 cantu
2065 3360 2178 3405 suo
2220 3341 2500 3417 oblectat,
2547 3340 2641 3405 vel
2677 3340 2799 3424 ipsi

422 3460 661 3526 quoque
688 3440 968 3505 convivae
996 3459 1107 3523 per
1133 3440 1293 3505 vices
1324 3450 1570 3505 canunt:
1607 3462 1795 3527 eaque
1823 3464 2043 3511 coenae
2082 3445 2509 3534 oblectamenta
2539 3434 2807 3530 α’κροά-

419 3565 606 3628 ματα
633 3553 781 3609 sunt
805 3545 897 3611 vel
926 3534 1340 3626 ἀκούσματα,
1372 3546 1537 3628 quod
1567 3548 1923 3614 vocabulum
1953 3549 2114 3632 apud
2135 3549 2364 3613 Atticos
2392 3551 2584 3632 magis
2614 3568 2799 3634 quam

331 3700 346 3709 .
422 3650 565 3715 illud
602 3649 852 3715 alterum
890 3649 1175 3714 usitatum
1214 3648 1402 3714 fuisse
1436 3652 1804 3732 grammatici
1841 3661 2151 3718 testantur.
2237 3653 2414 3719 Nunc
2449 3664 2677 3729 autem,
2730 3655 2796 3718 in

420 3754 546 3820 hoc
567 3753 825 3819 infausto
854 3753 1017 3818 Atrei
1044 3753 1333 3829 convivio,
1366 3772 1480 3836 pro
1510 3764 1689 3821 cantu
1718 3756 1889 3821 hilari
1916 3766 1976 3822 et
2002 3757 2330 3823 delectabili
2359 3759 2487 3824 dira
2508 3758 2801 3842 Thyestae

419 3875 538 3928 vox
565 3857 762 3923 audita
789 3866 900 3934 est,
929 3876 1117 3941 quum
1144 3857 1366 3922 iustam
1394 3857 1603 3923 domui
1631 3860 1956 3941 perniciem
1985 3861 2433 3943 imprecaretur,

661 4023 688 4034 ..
836 3951 1202 4044 ἄκουσμα
1247 3953 1527 4026 δείπνου
1572 3956 1902 4041 συνδίκως
1941 3959 2175 4041 τιθεὶς
2219 3955 2406 4054 ἆρόν.

422 4011 605 4141 Nullo
632 4065 890 4151 amplius
918 4064 1102 4129 verbo
1132 4084 1287 4149 opus
1317 4073 1429 4129 est.
1506 4065 1766 4130 Tantum
1796 4067 1871 4130 de
1898 4067 2175 4133 adverbio
2205 4061 2535 4147 συνδίκως
2561 4068 2799 4145 addam,

423 4190 551 4236 non
577 4170 764 4237 videri
791 4170 853 4235 id
884 4168 1062 4243 mihi,
1096 4188 1232 4233 cum
1262 4169 1638 4246 Hermanno,
1669 4170 2025 4238 trahendum
2055 4172 2130 4236 ad
2159 4172 2502 4256 proximum
2530 4191 2794 4248 versum,

424 4269 634 4353 οὕτως
661 4265 954 4340 ὀλέσθαι
984 4267 1125 4336 πᾶν
1150 4269 1233 4339 τὰ
1261 4266 1727 4350 Πλεισθένους
1754 4269 1960 4358 γένος,
1993 4283 2054 4339 et
2081 4276 2460 4358 significare
2440 4297 2481 4341 ι.
2503 4296 2560 4359 q.
2593 4293 2795 4341 com-

427 4367 770 4454 muniter,
802 4376 1165 4441 communi
1196 4376 1508 4455 iustitia,
1536 4378 2081 4462 sedessepotiusi.
2104 4398 2162 4461 q.
2183 4373 2605 4466 πρεπόντως.
2641 4380 2794 4445 Nam
