3102 4866
1650 299 1780 366 352

540 487 717 569 dut,
749 498 994 555 ursum
1031 506 1401 573 suspensum
1438 508 1576 553 esse
1612 487 1813 554 dicant
1848 489 1926 555 ab
1965 491 2238 557 oratione
2267 492 2532 578 obliqua,
2570 494 2913 562 nescioese

540 593 1710 677 mmmmmmma
1747 594 2174 678 leges-habeut,
2215 615 2332 680 qua
2370 597 2447 663 de
2478 600 2912 683 renuncqui-

538 697 689 763 dem
704 697 955 781 longum
983 705 1083 763 est
1104 695 1320 763 dicere.
1383 698 1564 776 Quod
1592 706 1790 764 sutem
1819 699 2091 765 nonnulli
2112 700 2496 766 scribendum
2519 713 2909 781 censuerunt,

536 800 877 885 quoniam
904 801 1261 889 pestifera
1290 810 1472 868 sunt
1494 804 1776 880 multis,
1818 804 2201 869 admodum
2229 806 2484 889 paucis
2513 806 2904 885 salut-aria,

440 861 505 969 ιτ
538 904 677 972 licet
701 924 830 971 non
857 915 1055 972 careat
1080 906 1250 973 omni
1276 907 1551 973 codicum
1582 909 1952 987 auctoritate,
1980 919 2185 975 tamen
2212 909 2372 977 haud
2395 911 2578 977 dubie
2601 931 2905 997 spernen-

390 999 399 1006 ’
532 1008 687 1076 dum
722 1019 842 1089 est,
882 1010 1167 1097 quoniam
1204 1031 1357 1097 quse
1379 1012 1582 1097 posita
1619 1021 1764 1078 sunt
1795 1012 2070 1093 nomina,
2107 1015 2380 1098 quamvis
2414 1033 2671 1080 numero
2711 1016 2908 1101 plura,

536 1113 718 1182 unius
746 1123 979 1181 tannim
1006 1116 1113 1195 rei,
1140 1116 1202 1181 Ιι.
1232 1136 1287 1181 e.
1315 1116 1568 1182 rationis
1596 1117 1717 1182 vim
1745 1126 1806 1183 et
1832 1117 2145 1184 notionem
2173 1119 2702 1197 drcumsoeibunt3
2730 1122 2905 1203 quod

532 1219 639 1300 ιιΙιι
664 1220 750 1300 flt,
778 1221 940 1286 verbi
968 1239 1287 1286 numerum
1318 1221 1677 1305 singularem
1706 1222 1855 1307 poni
1884 1231 2353 1289 consentaneum
2381 1234 2494 1291 est.
2574 1224 2706 1290 Vid.
2735 1224 2906 1290 Gne-

533 1324 2390 1412 madCicAcad.11‚1‚1etReisigP1-aelectt.p.323.
2460 1323 2468 1330 ’

643 1430 859 1514 Cap.
884 1428 1131 1507 xm,
1182 1429 1287 1494 79.
1331 1448 1477 1495 ιιοιι
1505 1428 1695 1495 enim
1733 1430 2023 1515 ignoro,
2062 1431 2314 1515 quanti
2353 1433 2514 1498 eius
2541 1357 2902 1518 (providen—

534 1533 695 1615 tiae)
709 1552 974 1599 nomen
986 1533 1301 1618 putetis.
1388 1533 1745 1599 Rectissime
1780 1533 2052 1600 Davisius
2090 1553 2356 1602 numen
2393 1536 2597 1620 potins
2623 1536 2902 1602 scriben-

509 1638 681 1703 -dum
707 1656 844 1702 esse
871 1637 1176 1715 iudicavit,
1206 1656 1386 1720 quam
1416 1637 1922 1717 emendationem,
1960 1639 2236 1705 Ernestio
2267 1660 2506 1724 quoque
2532 1651 2595 1706 et
2613 1641 2900 1725 ,wytten-

530 1741 742 1808 bachio
771 1741 1107 1827 probatam,
1134 1741 1411 1825 equidem
1432 1741 1594 1807 baud
1615 1751 1962 1808 cunctanter
1980 1744 2380 1828 recipiendam
2403 1744 2562 1822 duxi,
2589 1744 2737 1810 nihil
2756 1764 2903 1808 mo-

392 1924 401 1931 ,
431 1870 447 1898 ν
534 1844 977 1912 tusfleindorfii
989 1844 1291 1923 dissensu,
1319 1846 1421 1929 qui
1450 1854 1597 1911 tunc
1610 1845 1959 1912 Ciceronem
1989 1847 2078 1912 sic
2104 1848 2309 1931 potius
2328 1848 2693 1932 scripturum
2710 1848 2903 1913 ruisse
2975 1831 2992 1836 “

533 1950 867 2016 contendit:
912 1958 1255 2035 quantum
1298 1950 1456 2015 eius
1500 1967 1761 2015 numen
1801 1949 2109 2034 putetis3
2152 1951 2216 2015 in
2254 1970 2376 2035 quo
2414 1961 2616 2017 tamen
2641 1970 2900 2018 sensum

533 2056 740 2121 inesse
758 2055 839 2121 ait
865 2056 940 2120 ab
968 2054 1248 2120 hocloco
1277 2047 1556 2120 alienum.
1630 2054 1788 2119 Haec
1815 2055 1962 2120 mihi
1990 2064 2214 2120 temere
2241 2055 2519 2139 nullaque
2545 2055 2779 2122 ratione
2807 2057 2902 2121 ia·

449 2169 458 2174 '
532 2169 637 2226 cta·
653 2160 945 2226 videntur.
1034 2158 1238 2224 Potuit
1266 2158 1470 2224 Cicero
1499 2158 1730 2224 utrovis
1761 2158 1947 2223 modo
1975 2158 2161 2242 loqui.
2235 2157 2387 2224 Nam
2416 2178 2606 2243 quum
2630 2178 2906 2225 numen

515 2265 781 2350 'proprie
808 2266 938 2330 vim
949 2272 1012 2329 et
1035 2271 1394 2348 potestatem
1424 2262 1746 2346 significet,
1775 2262 2006 2345 quidni,
2034 2273 2104 2328 ιιι
2130 2281 2458 2347 magnum
2487 2282 2778 2342 numen,
2809 2265 2906 2330 sic

532 2368 713 2435 etiam
749 2377 1095 2454 quantum
1132 2386 1425 2446 numen,
1464 2375 1743 2432 tentum
1772 2384 2034 2432 numen
2064 2365 2185 2432 dici
2206 2365 2423 2433 liceat?
2495 2366 2701 2452 Neque
2727 2368 2903 2453 quis·

533 2493 723 2559 quam
751 2474 1112 2541 sententiam
1139 2473 1216 2540 ab
1252 2473 1371 2539 hoc
1402 2473 1539 2539 loco
1579 2473 1835 2539 alienam
1861 2472 2173 2538 iudicabit:
2204 2491 2434 2556 „quam
2464 2492 2743 2556 magnam
2775 2473 2904 2538 vim

480 2618 487 2623 -
532 2598 606 2645 ac
639 2586 997 2664 potestatem
1034 2578 1443 2663 providentiae
1478 2577 1768 2663 putetis.“
1844 2576 1981 2642 Non
2027 2576 2232 2641 minus
2263 2586 2464 2642 autem
2493 2595 2720 2642 numen
2747 2596 2904 2661 pro-—

532 2682 826 2750 videmiae
854 2683 968 2749 dici
997 2682 1194 2768 potuit
1222 2682 1461 2767 magni
1489 2683 1709 2766 putari,
1737 2681 1903 2767 quod
1925 2681 2064 2767 quid
2089 2690 2182 2745 est
2208 2680 2384 2757 aliud,
2413 2700 2595 2765 quam
2617 2700 2903 2765 magnam

534 2787 613 2853 de
634 2807 717 2853 eo
744 2787 1247 2877 existimationem
1277 2784 1459 2852 esse?
1544 2786 1625 2852 Et
1652 2785 2033 2869 quantumvis
2062 2785 2273 2869 aliquis
2304 2785 2479 2869 pretii
2507 2786 2903 2869 significatio-

532 2909 695 2970 nen,
720 2912 873 2978 quse
898 2892 1054 2959 inest
1082 2892 1143 2957 in
1174 2887 1570 2986 illa'rormula‚
1600 2891 1927 2985 ungendam
1957 2898 2221 2955 censeat:
2260 2889 2668 2973 providentiae
2692 2889 2903 2954 omnia
3049 2956 3062 2969 ‚

532 2996 836 3081 sapienter
871 2997 1118 3063 numine
1167 3015 1282 3062 suo
1332 2995 1568 3080 regenti·
1596 3013 1883 3079 magnum
1919 2995 2180 3078 pretium
2211 3014 2245 3060 a
2275 2992 2494 3059 Stoicis
2525 2994 2710 3060 tribui
2735 3002 2904 3059 recte
3051 3082 3075 3092 ο

533 3102 697 3168 haud
722 3102 907 3168 dubie
939 3102 1329 3167 Academicus
1369 3100 1566 3166 dicere
1592 3100 1806 3185 potuit.
1896 3099 2090 3183 Atque
2116 3098 2350 3164 etiamsi
2379 3117 2518 3164 cum
2546 3098 2901 3164 Heindorflo

534 3206 763 3273 scibas
792 3206 1044 3290 quanti
1073 3205 1227 3272 eius
1259 3223 1518 3270 nomen
1544 3204 1850 3288 putetis:
1880 3221 2088 3269 nonne
2113 3212 2371 3268 nomen
2401 3203 2905 3288 providentiae

532 3330 649 3394 ρει·
691 3311 1331 3395 drcumloquutionem
1381 3329 1496 3394 pro
1549 3309 1682 3393 ipsa
1717 3307 2092 3394 providentia
2127 3307 2353 3373 dictum
2393 3305 2553 3372 erit?
2636 3307 2907 3374 Manebit

533 3414 717 3499 igitur
754 3416 853 3481 sic
887 3434 1130 3499 quoque
1171 3414 1375 3479 eadem
1420 3415 1741 3492 sententis,
1786 3423 1854 3479 ιιι
1878 3413 2289 3497 providentiae
2325 3430 2611 3496 magnum
2638 3412 2904 3497 pretium

535 3527 828 3586 statutum
870 3539 1009 3585 esse
1050 3520 1297 3585 dicetur.
1373 3518 1493 3584 Sed
1536 3518 1711 3584 istam
1760 3518 2401 3602 circumloquutionem
2453 3516 2594 3582 huic
2629 3519 2905 3597 sermoni

533 3635 738 3709 aptam
764 3645 901 3691 esse
928 3642 1057 3689 non
1094 3643 1238 3690 sane
1276 3623 1519 3707 probari
1559 3632 1763 3707 potest
1802 3642 1953 3700 uno,
1990 3623 2153 3706 quod
2183 3622 2566 3688 Heindorflus
2594 3622 2792 3699 affert,
2826 3642 2903 3688 ex

535 3730 763 3796 Graeco
783 3737 961 3814 poeta
986 3729 1289 3813 exemplo,
1319 3714 1458 3793 Eu'r.
1488 3728 1718 3794 Phoen.
1749 3748 1803 3792 v.
1839 3727 2033 3792 1696:
2063 3714 2122 3791 ὦ
2149 3719 2475 3829 φίλτατον
2501 3717 2642 3813 δῆτ’
2683 3716 2904 3809 ὄνομα

494 3825 981 3915 ,Πολυνείκους
1020 3824 1196 3915 epol.
1285 3834 1526 3898 Poterat
1553 3831 1766 3898 similia
1794 3831 1990 3909 latina,
2020 3831 2133 3897 sed
2160 3814 2495 3916 poetarum,
2524 3831 2681 3914 spud
2712 3829 2904 3896 Bent-

455 3938 1007 4025 ιΙοὶιπιιίιιινιιιιίιτ
1048 3935 1586 4003 adflent-Canu.
1618 3935 1865 4014 111,27‚
1898 3935 2004 4000 34.
2073 3934 2260 4018 noyn.
2303 3936 2378 4002 ad
2432 3934 2647 3999 Tibull.
2688 3932 2796 4014 111,
2834 3936 2901 4014 4,

533 4045 641 4109 61.
671 4078 761 4093 —-
778 4041 1192 4108 Defendendae
1222 4047 1419 4105 tamen
1448 4039 1725 4105 iectionis
1755 4040 2017 4122 vulgatae
2044 4039 2203 4104 hanc
2229 4041 2384 4105 viam
2410 4038 2676 4104 relictam
2705 4038 2901 4117 video,

534 4155 605 4212 ut
630 4147 1084 4213 aii-‘Academico
1114 4154 1373 4212 nomen
1403 4145 1809 4229 providentiae
1836 4151 2156 4228 propterea
2184 4143 2411 4209 dictum
2440 4151 2801 4218 statuamus,
2830 4152 2902 4208 ut

534 4251 896 4334 significaret
923 4250 1355 4336 providentiam
1385 4249 1562 4314 istam
1594 4246 1937 4313 Stoicorum
1967 4248 2081 4313 sibi
2111 4268 2180 4313 re
2213 4268 2352 4312 vera
2379 4248 2602 4312 nullam
2641 4266 2778 4312 oese
2807 4247 2901 4312 vi-

534 4354 679 4431 deri,
707 4356 816 4421 sed
846 4374 1074 4421 nomen
1103 4363 1334 4420 tantum
1366 4355 1561 4430 inane,
1594 4343 1816 4432 ἄλλως
1857 4344 2070 4436 ὄνομα
2110 4349 2229 4418 καὶ
2276 4343 2397 4418 οὐκ
2439 4343 2647 4437 ἔργον.
