3102 4866
1468 258 1591 323 201
1632 348 1673 355 ..

1677 345 1736 356 .-

355 448 636 542 ψήφους
662 441 921 533 ἔθεντο,
968 448 1006 517 i.
1037 471 1088 516 e.
1121 443 1394 540 φθορὰς
1434 438 1885 538 ἐψηφίσαντο.
1958 447 2049 514 lta
2072 445 2174 513 hic
2215 434 2510 543 ἄδακρυν
2546 443 2709 529 μοῖ-

353 578 488 645 ραν.
517 550 794 644 σχήσεις
835 551 1045 647 φόνον
1086 556 1246 622 idem
1276 574 1410 620 esse
1469 573 1541 619 ac
1592 544 1806 632 ἅνέξει
1848 549 1943 640 μὴ
1989 546 2370 638 δακρύουσα
2410 545 2527 616 τὸν
2568 543 2704 638 φό-
2752 564 2816 617 12

354 683 466 727 νον
504 662 597 727 vel
639 658 792 740 πῶς
834 656 1106 749 σχήσεις
1146 660 1388 747 μοῖραν
1429 654 1550 746 τὴν
1592 653 1718 744 σὴν
1760 649 1938 723 ὥστε
1962 652 2058 744 μὴ
2090 650 2505 743 δακρύουσαν
2532 641 2711 721 εἶναι

351 762 474 832 τὰν
514 758 741 855 φόνον.
827 766 982 830 Nam
1027 756 1320 851 ἄδακρυν
1360 762 1603 851 μοῖραν
1634 770 1882 846 poetam
1911 760 2109 825 dicere
2137 769 2203 824 ut
2229 762 2508 827 effectum
2535 778 2708 826 com·
2763 814 2797 825 ..

354 872 673 955 plectatur,
710 891 896 956 quum
934 871 1078 935 satis
1116 870 1327 935 fuisset
1354 870 1550 935 dicere
1582 863 1854 958 σχήσεις
1895 863 2172 953 δάκρυα.
2246 867 2562 933 Simillime
2587 866 2709 937 So·¹

356 976 634 1060 phoci·-
662 977 726 1040 in
752 976 983 1041 Electra
1012 995 1064 1040 v.
1099 975 1220 1039 241
1258 968 1496 1060 γονέων
1537 967 1851 1057 ἐκτίμους
1876 965 2161 1057 ἴσχουσα
2190 965 2525 1056 πτέρυγας
2553 961 2711 1050 ὀξυ-
2801 998 2807 1004 ·

353 1074 575 1145 τάτων
602 1073 792 1166 γόων.
883 1079 963 1144 Ut
990 1079 1307 1162 Euripides
1346 1071 1557 1168 φόνον
1583 1078 1909 1162 scripserit,
1939 1078 2019 1143 ita
2049 1076 2413 1161 Sophoclem
2440 1076 2713 1169 potuisse

353 1186 536 1250 etiam
567 1179 795 1270 γονέας
836 1182 1112 1249 soeibere.
1141 1217 1227 1230 -
1257 1182 1418 1248 Haec
1443 1183 1569 1248 ille:
1605 1202 1757 1267 quae
1796 1202 1907 1267 ego
1939 1202 2037 1247 me
2065 1200 2180 1247 nec
2207 1181 2352 1247 satis
2382 1182 2586 1258 omnis
2610 1182 2729 1247 in·

355 1289 619 1372 telligeoe⁴
643 1297 704 1352 et
731 1307 883 1372 quae
911 1288 1228 1370 intelligam
1260 1307 1378 1371 qua
1406 1288 1638 1352 ratione
1666 1287 1909 1371 probari
1940 1286 2183 1371 possint
2217 1285 2711 1369 nonperspicere

354 1396 561 1458 t'ateor.
621 1393 840 1475 Figura
868 1393 964 1457 illa
991 1392 1242 1470 dicendi,
1274 1412 1455 1475 quam
1485 1392 1800 1475 significat,
1830 1412 1901 1457 ea
1930 1400 2041 1470 est,
2083 1409 2270 1475 quum
2299 1388 2571 1474 loquutio
2599 1389 2711 1455 ali·

205 1491 220 1500 ’
355 1518 471 1582 qua
493 1518 566 1562 ex
595 1498 777 1562 verbo
807 1508 867 1562 et
887 1498 1048 1562 verbi
1082 1498 1315 1563 obiecto
1357 1498 1694 1581 composita
1733 1497 1814 1563 ita
1848 1505 2207 1581 usurpatur,
2246 1496 2419 1580 quasi
2462 1495 2543 1560 sit
2576 1497 2710 1580 ipsa

356 1604 536 1668 unius
566 1602 731 1667 verbi
760 1602 1053 1668 transitivi
1081 1604 1300 1680 instar,
1329 1604 1591 1686 ideoque
1618 1601 1773 1667 aliud
1804 1602 1981 1667 etiam
2014 1610 2247 1688 praeter
2270 1593 2425 1666 lund
2454 1599 2619 1683 quod
2646 1600 2710 1665 in

355 1707 487 1790 ipsa
514 1706 864 1790 loquutione
891 1706 1012 1771 iam
1040 1706 1198 1770 inest
1227 1706 1542 1784 obiectum,
1573 1716 1634 1773 et
1662 1706 1904 1790 quidem
1933 1706 2267 1772 accusativo
2296 1724 2461 1783 casu,
2493 1705 2709 1770 adiun-

355 1813 532 1894 gitur.
620 1811 716 1875 Fit
742 1820 940 1876 autem
970 1813 1092 1877 hoc
1119 1811 1359 1876 duobus
1390 1812 1616 1888 modis,
1657 1831 1916 1895 quorum
1952 1811 2267 1895 utriusque
2292 1810 2589 1875 rationem
2616 1818 2708 1875 at·

356 1936 473 2000 que
523 1915 785 1980 indolem
824 1915 1016 1999 probe
1047 1926 1422 2000 perspectam
1450 1915 1673 1981 habere
1702 1924 1969 2000 oportet,
2005 1925 2073 1982 ut
2122 1935 2300 2000 quam
2350 1915 2468 1980 late
2514 1922 2714 1999 pateat

356 2019 645 2103 quibusve
684 2019 903 2084 finibus
933 2019 1162 2085 inclusa
1191 2020 1271 2084 sit
1306 2020 1403 2085 illa
1443 2020 1631 2103 figura
1668 2038 2109 2104 cognoscamus
2148 2039 2345 2103 neque
2379 2020 2495 2085 dici
2523 2039 2711 2105 posse

358 2125 677 2209 opinemur
714 2144 863 2208 quae
899 2126 1094 2189 rectae
1131 2124 1350 2188 rationi
1389 2124 1800 2189 adversantur.
1856 2124 1933 2189 Et
1960 2125 2222 2209 primum
2249 2124 2488 2209 quidem
2519 2142 2710 2209 genus

355 2230 475 2294 hoc
502 2237 623 2307 est,
668 2246 852 2312 quum
882 2228 1045 2293 verbi
1072 2228 1229 2305 eius,
1260 2229 1421 2311 quod
1452 2237 1548 2293 est
1573 2228 1636 2292 in
1658 2228 1753 2293 illa
1780 2228 2155 2319 loquutione„
2186 2229 2562 2312 significatio,
2590 2230 2716 2295 sive
2806 2280 2815 2287 .

354 2335 505 2399 haec
530 2333 832 2398 uansitiva
870 2342 967 2399 est
993 2352 1101 2398 seu
1130 2332 1526 2409 intransitiva,
1568 2333 1769 2399 addito
1807 2333 2005 2418 aliquo
2043 2334 2290 2401 nomine
2342 2335 2712 2401 substantivo

354 2441 435 2505 ita
463 2440 635 2524 qussi
666 2448 1046 2523 temperatur,
1072 2448 1140 2504 ut
1170 2438 1386 2504 existat
1411 2457 1569 2503 nova
1600 2440 1891 2522 quaedam
1930 2441 2184 2506 actionis
2223 2440 2565 2508 transitivae
2591 2460 2711 2507 no·

355 2545 471 2622 tio,
500 2544 596 2609 cui
634 2544 930 2609 obiectum
967 2543 1207 2628 aliquod
1245 2543 1762 2609 accusativo·casu
1790 2544 2030 2628 adiungi
2059 2545 2287 2628 possit3
2326 2547 2481 2612 velut
2517 2546 2585 2612 in
2610 2546 2712 2612 illo

353 2648 518 2732 quod
544 2649 923 2714 Hermannus
951 2648 1261 2731 usurpavit
1282 2648 1556 2732 Aeschyli
1584 2648 1854 2732 exemplo
1884 2649 2128 2739 verbum
2154 2641 2496 2718 τίθεσθαι
2525 2669 2714 2735 quum

352 2753 648 2820 actionem
679 2754 972 2836 significet
998 2753 1282 2837 ponendi,
1306 2753 1452 2816 haec
1471 2751 1822 2833 significatio
1846 2753 2049 2819 addito
2074 2752 2447 2820 substantivo
2476 2751 2714 2843 ψῆφον

350 2859 434 2922 ita
470 2867 836 2943 temperatur
871 2868 932 2922 et
970 2877 1106 2923 cum
1146 2855 1501 2922 substantivi
1539 2856 1792 2921 notione
1830 2857 2136 2934 coalescit,
2190 2868 2259 2922 ut
2309 2859 2523 2924 existat
2557 2878 2712 2924 nova
2829 2912 2850 2923 ,

331 2963 526 3052 ‚notio
572 2964 823 3028 actionis
875 2962 1216 3027 transitivae
1266 2953 1740 3049 ψηφίζεσθαι,
1802 2962 1897 3026 cui
1947 2964 2067 3027 iam
2124 2970 2286 3027 recte
2342 2965 2710 3030 accusativus

350 3062 627 3156 φθορὰς
654 3066 906 3150 adiungi.
925 3075 1143 3149 potest.
1204 3065 1395 3129 Simili
1415 3066 1647 3129 ratione
1676 3059 1876 3150 γόους
1909 3057 2256 3154 θησόμεθ’
2286 3055 2335 3130 ἃ
2363 3061 2713 3152 πάσχομεν

351 3171 666 3254 Euripides
697 3171 842 3236 dixit
867 3168 1066 3236 orest.
1100 3177 1160 3234 vi
1196 3169 1387 3245 1119,
1420 3170 1559 3252 quia
1585 3164 1858 3234 θέσθαι
1890 3170 2137 3235 verbum
2170 3192 2307 3237 cum
2338 3173 2709 3238 substantivo

354 3270 555 3359 γόους
581 3276 861 3341 coalescit
897 3276 959 3339 in
990 3294 1170 3340 unam
1209 3273 1521 3338 notionem
1550 3272 1713 3344 verbi
1742 3270 2080 3356 γοᾶσθαιε
2110 3284 2172 3340 et
2196 3269 2498 3363 ἐξάρχειν
2525 3297 2708 3370 quum

351 3380 554 3444 solum
582 3381 860 3445 exordiri
872 3451 878 3457 ,
914 3378 1221 3461 significet,
1250 3377 1697 3454 addito-autem,-
1722 3377 2096 3452 substantivo
2125 3377 2394 3469 μολπὴν
2430 3382 2585 3448 actio
2623 3382 2704 3448 si·

353 3484 669 3567 gnificetur
690 3484 861 3549 cuius
889 3482 1200 3548 exordium
1229 3482 1353 3559 fiat,
1372 3491 1693 3564 utrumque
1707 3481 2002 3548 mutescit
2027 3484 2092 3547 in
2121 3485 2434 3568 notionem
2462 3487 2711 3552 actionis

354 3588 694 3653 transitivae
731 3587 1150 3663 exordiendum
1189 3595 1259 3651 ut
1296 3586 1377 3650 sit
1419 3586 1821 3651 exordientem
1859 3606 2101 3662 canere,
2143 3607 2322 3671 quam
2363 3590 2443 3655 oh
2471 3610 2711 3657 causam

352 3692 674 3776 Aeschylus
703 3692 898 3757 dicere
925 3690 1122 3776 potuit
1146 3686 1413 3777 μολπήν
1441 3684 1747 3775 ἐξάρχειν
1793 3684 2013 3772 θεούς,
2061 3693 2448 3777 similiterque
2472 3696 2711 3781 Euripi-

352 3797 461 3861 des
495 3795 688 3861 Orest.
719 3815 775 3860 ν.
806 3796 963 3861 949:
992 3788 1415 3880 κατάρχομαι
1457 3790 1825 3879 στεναγμὸν
1868 3785 2055 3878 ὅταν,
2100 3806 2162 3862 et
2187 3799 2478 3864 Androm.
2514 3800 2709 3865 1201:
2778 3812 2783 3818 ’

352 3894 700 3966 δεσπόταν
742 3893 933 3984 γόοις
973 3894 1330 3988 κατάρχειν
1373 3900 1433 3963 h.
1466 3919 1518 3963 e.
1567 3893 1907 3965 δεσπόταν
1933 3895 2353 3990 κατάρχοντα
2380 3900 2708 3988 γοᾶσθαι.

245 4046 262 4056 -
350 4006 545 4070 Porro
575 4005 846 4079 'verbum
887 3999 1210 4069 τεθνάναι
1254 4004 1535 4070 adiuncto
1586 4004 1957 4070 substantivo
2009 4003 2108 4093 τῷ
2162 4003 2306 4073 δέει
2348 4016 2712 4091 temperatur
2750 4013 2785 4048 Ἰ

350 4112 456 4188 ita,
478 4121 548 4174 ut
577 4110 790 4175 existat
815 4109 985 4173 notio
1018 4109 1265 4174 timendi
1291 4128 1483 4192 paene
1511 4109 1585 4173 ad
1616 4118 1904 4185 mortem,
1941 4111 2331 4192 quamohrem
2362 4111 2479 4177 dici
2508 4122 2710 4196 potest

349 4208 682 4280 τεθνάναι
723 4210 822 4301 τῷ
869 4209 1006 4280 δέει
1049 4209 1206 4290 τούς
1249 4206 1640 4297 πολεμίους,
1698 4213 2033 4278 cuiusmodi
2090 4217 2357 4299 exempla
2413 4226 2558 4282 sunt
2588 4237 2708 4302 Ap.

351 4317 657 4384 Demosth‘.
699 4319 849 4384 Phil.
879 4318 906 4382 l
935 4338 995 4402 p.
1029 4317 1133 4395 53,
1172 4319 1272 4382 10.
1304 4319 1377 4383 de
1405 4318 1534 4383 fals.
1564 4318 1676 4399 leg.
1707 4337 1767 4401 p.
1800 4316 1955 4397 366,
1986 4318 2088 4382 25.
2123 4319 2361 4385 Schaet'.
2390 4322 2546 4406 App.
2578 4323 2706 4389 (rit.
