3102 4866
1681 295 1810 360 452

572 486 715 553 inde
742 485 818 552 ab
845 484 1072 552 ultimis
1100 482 1476 567 temporibus
1506 485 1655 549 baec
1679 502 1800 550 uns
1827 485 2179 567 praelum-st,
2208 494 2460 568 propter
2486 484 2812 549 innumera
2834 485 2946 549 be-

572 587 2069 667 neflciseximiecarsm‚—bancunsbomiuum
2109 596 2270 654 setas
2307 597 2722 660 etnumerosa
2751 590 2946 673 stirpe

572 693 892 760 laetissime
941 694 1287 772 florentem,
1334 702 1395 759 et
1431 693 1675 781 penitus
1715 692 1963 758 deletam
2001 693 2165 758 vidit.
2181 702 2361 777 atque
2396 691 2740 757 “tinctam-
2826 694 2946 758 Sex

570 798 732 863 enim
760 798 823 862 in
854 797 1215 881 praeclaram
1245 797 1471 882 patriae
1508 816 1681 881 spem
1717 796 2096 862 adoleverant
2133 797 2394 881 Bogislsi
2435 795 2570 862 xm
2609 805 2670 862 et
2699 798 2946 863 Ernesti

570 901 856 968 Ludovici
876 901 999 979 iiiii,
1024 921 1285 987 quorum
1313 920 1495 968 nemo
1533 919 1730 985 neque
1756 901 1831 966 sd
1859 901 2082 967 iustum
2109 902 2258 968 vitae
2285 903 2583 967 humanae
2610 901 2945 967 terminum

571 1005 830 1083 duravit,
866 1024 1063 1089 neque
1101 1014 1279 1071 natos
1317 1024 1394 1070 ex
1429 1024 1498 1070 se
1533 1004 1802 1089 reliquit,
1842 1007 1946 1089 qui
1982 1005 2047 1071 in
2077 1005 2271 1089 ipsius
2298 1006 2501 1071 locum
2529 1006 2947 1071 succederent.

570 1106 880 1176 Extinctus
909 1119 1005 1175 est
1030 1110 1094 1174 in
1123 1109 1259 1194 ipso
1290 1110 1497 1175 aetatis
1527 1110 1679 1174 flore
1708 1108 2019 1193 Georgius,
2056 1110 2296 1197 triginta
2324 1129 2430 1187 sex
2457 1128 2764 1175 annorum
2794 1111 2948 1175 ado·

570 1214 827 1280 leseens.
885 1213 1156 1297 Lugebat
1180 1213 1551 1290 pomeranis,
1582 1212 1917 1297 praeclarae
1938 1213 2098 1279 illius
2125 1213 2371 1291 indolis,
2400 1213 2573 1279 cuius
2601 1213 2849 1279 multa
2827 1233 2948 1279 nm

572 1327 633 1385 et
658 1318 913 1403 insignis
941 1318 1270 1403 specimina
1293 1326 1674 1400 cognoverat,
1702 1319 1962 1384 fructum
1993 1318 2111 1384 sibi
2138 1318 2493 1402 necopinata
2519 1328 2724 1383 morte
2754 1317 2951 1383 inter-

575 1433 843 1508 ceptum:
871 1423 954 1488 its
984 1434 1184 1488 tamen
1211 1422 1470 1505 lugebat,
1501 1431 1571 1487 ut
1596 1423 1762 1487 bunc
1789 1422 2061 1489 dolorem
2087 1431 2396 1507 quattuor,
2434 1422 2538 1506 qui
2566 1433 2949 1505 supererant.

574 1532 846 1604 fratrum,
876 1528 1056 1592 unius
1085 1527 1367 1610 pau-uelis
1394 1528 1714 1610 adspectus
1747 1528 2194 1610 quodammodo
2218 1527 2453 1592 levaret.
2510 1525 2809 1592 Nondum
2840 1546 2951 1593 sn·

573 1649 696 1698 nus
721 1629 1404 1715 abienuethilippum
1415 1630 1624 1695 extulit
1650 1632 1999 1709 secumdum,
2025 1632 2221 1698 virum
2247 1649 2561 1716 uunquam
2584 1630 2739 1697 satis
2771 1651 2953 1715 prse-

572 1737 896 1802 dicaudum
936 1745 996 1800 et
1031 1754 1142 1819 per
1177 1735 1462 1800 tredecim
1503 1752 1701 1800 annos
1738 1734 1806 1800 in
1842 1736 2311 1802 administranda
2347 1756 2415 1801 re
2445 1735 2685 1820 publice
2713 1736 2955 1819 egregie

572 1850 926 1925 spectatum.
985 1839 1255 1904 Graviori
1284 1857 1429 1912 sane
1456 1839 1699 1904 vulnere
1728 1859 2012 1923 percussa
2041 1849 2167 1905 erat
2195 1841 2403 1925 patris,
2431 1840 2714 1905 noudum
2747 1850 2956 1905 tamen

569 1945 754 2022 letali,
796 1963 981 2029 quum
1022 1952 1413 2028 superessent
1449 1943 1645 2008 adbuc
1678 1961 1808 2008 uon
1847 1943 2073 2028 indigni
2106 1945 2203 2009 tali
2235 1943 2504 2027 principe
2532 1963 2956 2009 successores.

499 2069 533 2121 ο
577 2048 735 2114 Ecce
760 2056 956 2114 autem
991 2056 1137 2132 post
1164 2046 1469 2112 biennium
1499 2047 1678 2112 etism
1706 2046 2065 2113 franciscus
2092 2048 2413 2113 immatura
2440 2057 2642 2113 morte
2670 2048 2958 2113 sublatus

571 2161 706 2230 est,
693 2151 822 2236 qui
850 2161 1164 2235 acceptum
1192 2172 1226 2216 a
1255 2151 1480 2216 fratre
1463 2151 1783 2233 nmperium
1813 2152 1892 2235 ita
1908 2152 2437 2229 administraverat,
2465 2161 2533 2217 ut
2560 2152 2781 2217 bunc’
2760 2170 2831 2217 m
2862 2152 2958 2217 illa

553 2256 760 2321 ‚totius
786 2255 1138 2320 Germaniae
1165 2254 1633 2339 perturbatione,
1664 2255 1834 2320 cuius
1866 2264 2017 2321 tunc
2037 2264 2248 2339 coepta
2274 2264 2448 2321 erant
2474 2255 2671 2333 initia,·
2686 2256 2961 2323 fortissi-

439 2398 442 2399 ν
572 2378 742 2425 mum
769 2369 830 2424 et
845 2358 1397 2452 ‘prudentissimum
1425 2358 1767 2424 communis
1799 2359 2011 2424 salutis
2030 2368 2090 2425 et
2114 2356 2400 2425 liberta‘tis
2418 2359 2711 2425 vindicem
2742 2380 2821 2425 ac
2850 2362 2961 2426 de·
3058 2445 3061 2446 f

578 2468 882 2531 senserem
923 2483 1138 2529 omnes
1178 2465 1310 2529 sore
1348 2473 1679 2548 sperarent.
1735 2465 2019 2530 Alterum
2041 2464 2185 2531 abiit
2220 2464 2558 2531 biennium.
2587 2473 2651 2530 et
2678 2465 2959 2532 Ulricmn

577 2588 817 2655 quoque
844 2569 908 2633 in
945 2568 1086 2664 ipso
1110 2567 1294 2633 virilis
1331 2567 1536 2634 aetatis
1574 2567 1797 2633 robore
1824 2569 2137 2634 florentem
2177 2577 2238 2634 et
2265 2569 2559 2653 vigentem
2598 2572 2963 2653 repentinae

576 2674 795 2739 mortis
825 2692 1000 2754 casus
1029 2673 1383 2757 absumpsit.
1414 2709 1500 2722 —
1528 2672 1618 2739 Ita
1655 2681 1938 2757 quattuor
1972 2691 2099 2737 uno
2128 2672 2535 2758 quinquennio
2565 2674 2960 2759 principibus

576 2778 871 2862 abreptis,
923 2777 1110 2862 quasi·
1145 2777 1394 2842 attonita
1446 2785 1508 2840 et
1561 2776 1969 2861 obstupefecta
2018 2783 2138 2851 tot,
2161 2776 2425 2850 cladibus
2474 2773 2694 2869 patria,
2758 2798 2960 2863 quum

579 2901 825 2948 emnem
855 2882 1039 2947 futuri
1071 2882 1359 2964 temporis
1393 2872 1570 2964 spem
1606 2899 1730 2958 uns
1761 2898 1900 2945 cum
1928 2879 2044 2944 illis
2066 2879 2406 2946 concidisse
2432 2880 2675 2960 videret,
2706 2885 2961 2966 gravius

575 2998 784 3053 tamen
810 2986 1062 3052 orbitate
1089 2986 1318 3051 malum
1345 3004 1474 3050 non
1503 2984 1752 3070 putabat
1780 2978 1895 3048 ‘sibi
1922 2983 2275 3048 timendum.
2326 2984 2516 3068 Igitur
2543 3005 2683 3051 cum
2712 2986 2963 3073 Philip·

575 3077 732 3176 pum
765 3109 1008 3175 quoque
1043 3090 1258 3155 lulium
1294 3089 1492 3154 tribus
1531 3090 1656 3154 fere
1688 3097 1833 3172 post
1867 3088 2132 3154 Ulricum
2170 3088 2344 3154 annis
2373 3089 2710 3166 extulisset,
2750 3110 2963 3158 unum

575 3203 723 3260 tunc
751 3214 824 3260 ex
854 3204 945 3290 tot
974 3194 1258 3259 fratribus
1286 3193 1559 3258 relictum
1586 3192 1957 3276 Bogislaum‚
1986 3193 2146 3258 inter
2176 3193 2370 3277 ipsam
2409 3194 2681 3278 suscepti
2706 3180 2974 3279 imperii

577 3298 1036 3383 pstulationem
1080 3305 1314 3362 moesta
1350 3316 1422 3362 sc
1462 3296 1675 3381 lugens
1705 3298 1789 3362 ita
1818 3296 2206 3371 consalutsvit
2245 3298 2626 3375 pomerania,
2678 3306 2747 3363 ut
2795 3318 2965 3384 quse
3082 3339 3083 3382 1

495 3399 500 3406 '
578 3402 719 3468 nulli
749 3403 1004 3485 posthac
1030 3401 1124 3467 sui
1154 3400 1466 3483 sauguinis
1496 3400 1757 3486 principi
1799 3410 1957 3467 esset
1993 3401 2372 3485 gratulatura.
2430 3402 2752 3486 Ignorabst
2781 3406 2965 3471 ecili-
3082 3417 3083 3432 ¹

575 3516 670 3571 ca
696 3508 874 3571 etism
896 3506 1232 3588 graviorem
1262 3506 1377 3571 sibi
1406 3507 1755 3590 impendere
1785 3506 2191 3573 calamitatem.
2252 3506 2430 3583 Quod
2459 3505 2618 3571 enim
2642 3516 2799 3592 post
2829 3511 2965 3575 Po-

573 3628 959 3675 meranorum
991 3609 1354 3693 principium
1393 3611 1699 3691 interitum
1738 3629 1848 3676 eos
1887 3611 2097 3676 saitem
2129 3629 2198 3675 se
2227 3618 2536 3675 nacturam
2565 3630 2701 3676 esse
2729 3631 2961 3697 spera-

574 3713 679 3779 bat
703 3733 906 3779 rernm
935 3732 1184 3778 suarum
1213 3708 1658 3792 moderatores,
1705 3714 1808 3799 qui
1846 3723 2055 3780 esseut
2093 3733 2299 3779 secum
2336 3723 2397 3779 e't
2432 3715 2643 3780 finium
2683 3721 2961 3803 propin-

575 3807 823 3902 quitate,
855 3830 917 3885 et
945 3818 1158 3901 stirpis
1186 3817 1441 3901 origine,
1470 3827 1534 3883 et
1559 3818 1794 3904 linguae
1830 3838 2190 3903 morumque
2217 3819 2678 3896 communione,
2715 3823 2963 3889 muite-

572 3941 718 3988 rum·
750 3922 1013 4006 denique
1049 3940 1121 3986 ac
1158 3927 1533 3984 vetustorum
1571 3921 1884 3987 foederum
1920 3922 2051 3988 iure
2077 3922 2411 3989 coniuncti:
2444 3942 2525 3989 ue
2549 3924 2672 3989 boc
2699 3927 2963 4009 quidem

573 4035 720 4111 pest
752 4026 1014 4110 Bogislai
1052 4035 1311 4090 mortem
1351 4026 1600 4108 contigit
1636 4026 1934 4091 solatium.
2024 4027 2345 4112 Peregrina
2402 4029 2565 4093 enim
2624 4037 2776 4094 tunc
2844 4051 2964 4115 per

463 4177 472 4182 -
571 4139 760 4197 totam
789 4130 1175 4195 Germaniam
1202 4129 1292 4194 vis
1326 4139 1388 4194 et
1413 4150 1580 4195 arma
1609 4131 2095 4208 dominabantur,
2123 4140 2185 4197 et
2212 4151 2398 4215 quum
2426 4132 2601 4211 bello,
2628 4133 2963 4205 seditione.

572 4234 892 4299 discordiis
920 4233 1109 4301 mixta
1141 4234 1346 4297 omnia
1372 4243 1434 4298 et
1459 4234 1801 4318 perturbata
1841 4243 2065 4309 essem,
2095 4238 2380 4302 exhausta
2408 4237 2649 4303 tandem
2676 4237 2961 4304 vulneri·

571 4335 686 4399 bus
715 4346 779 4402 et
800 4337 1051 4401 lacerata
1079 4335 1397 4422 Germania
1424 4356 1636 4421 pacem
1664 4340 1933 4406 nancisci
1960 4359 2088 4405 non
2114 4342 2330 4425 potuit,
2357 4342 2476 4408 nisi
2496 4341 2578 4407 ita
2596 4351 2663 4407 ut
2683 4361 2958 4427 magnas
