3102 4866
1472 388 1481 396 ,
1620 314 1749 384 118

2720 411 2915 489 ζ,νεῖ
2954 442 2983 457 -·

501 512 760 571 stratum
796 512 910 570 est.
939 522 966 539 r
997 505 1134 569 Non
1174 503 1479 588 improbat
1515 506 1897 573 Burmannus
1926 504 2197 572 Herculis
2234 526 2373 574 cum
2405 508 2656 576 Christo.
2688 502 2758 575 c‘o

501 610 902 694 ponticum,
931 626 1113 691 quam
1140 607 1400 674 Ioannes
1427 609 1726 675 Diaconus
1756 609 2027 687 institnit,
2050 630 2087 676 a
2112 628 2215 676 me
2241 630 2305 697 p.
2332 611 2456 679 139
2485 634 2863 682 commemo-

499 711 834 795 ranst-sed
861 711 1053 777 utitur
1079 711 1193 777 hac
1221 711 1635 778 occasionem
1663 714 2056 791 demonstret,
2085 723 2376 798 quantum
2404 726 2605 783 tamen
2626 719 2862 785 intersit
2962 716 2970 724 ’

500 816 661 883 'mter
693 816 996 900 antiquam
1033 825 1095 881 et
1133 816 1520 883 christianam
1560 818 1918 884 doctrinam.
1999 819 2067 885 ld
2104 837 2218 902 ego
2256 839 2358 885 me
2405 838 2533 885 non
2582 822 2861 905 ignorare

500 919 713 986 mdoz
741 920 871 986 ‘sed
922 920 1111 985 multa
1164 928 1367 987 tamen
1415 922 1596 987 etiam
1647 923 1997 1007 conspirare
2043 923 2250 1003 video,
2300 924 2692 1009 videruntque
2741 926 2860 1010 ipsi

498 1023 760 1108 apostoli
807 1033 869 1090 'et
916 1023 1142 1109 antiqui
1191 1015 1460 1090 'ethnicae
1509 1027 1957 1110 superstitionis
2015 1027 2469 1113 impugnatores
2521 1028 2859 1107 Christiani,
2932 1069 2941 1081 ·

500 1146 762 1212 quorum
789 1128 1030 1212 plurimi
1058 1128 1197 1194 talia
1235 1129 1507 1195 ethnicos
1538 1148 1666 1196 non
1703 1131 1876 1215 ipsos
1916 1132 2312 1217 excogitasse,
2348 1133 2459 1198 sed
2498 1153 2532 1200 a
2558 1135 2765 1219 Moyse
2801 1143 2861 1199 et

498 1233 814 1318 prophefis
865 1233 1172 1317 accepisse
1231 1234 1640 1312 crediderunt,
1707 1253 1921 1319 quum*
1945 1243 2154 1301 contra
2204 1237 2423 1301 ethnici
2479 1236 2554 1301 de
2605 1255 2860 1303 snorum

492 1335 738 1422 scriptis
766 1336 953 1402 multa
983 1337 1062 1402 ad
1088 1338 1464 1404 Christianos
1502 1339 1748 1404 fluxisse
1784 1340 2234 1404 contenderent.
2320 1340 2388 1405 Id
2427 1348 2651 1419 autun,
2690 1343 2859 1426 quod

497 1441 880 1508 Heu-mannus
932 1449 1214 1525 tanquam
1264 1443 1583 1527 proprium
1633 1442 1996 1527 antiquitatis
2034 1451 2095 1507 et
2132 1464 2167 1508 a
2218 1443 2539 1510 christiana
2588 1445 2861 1512 doctrina

495 1546 754 1611 maxime
781 1546 1084 1612 diversum
1113 1559 1426 1626 memorat,
1454 1548 1535 1613 illi
1565 1567 1805 1633 quoque
1844 1549 2021 1633 parti,
2052 1567 2167 1632 qua
2206 1548 2416 1613 ceteris
2456 1549 2859 1616 animantibus

496 1650 721 1716 similes
759 1669 1008 1731 sumus,
1045 1653 1141 1717 ius
1179 1671 1358 1719 suum
1386 1673 1523 1719 eese
1553 1671 1941 1731 concessum,
1969 1653 2116 1730 hoc,
2154 1662 2445 1737 quantum
2473 1653 2717 1737 quidem
2746 1674 2858 1739 ego

497 1754 703 1830 sciam,
728 1772 808 1819 ne
835 1775 869 1820 a
895 1767 1108 1823 nostra
1145 1757 1386 1841 quidem
1421 1758 1710 1841 religione
1754 1757 2009 1823 alienum
2040 1767 2164 1822 est:
2200 1776 2406 1822 verum
2433 1775 2561 1821 non
2601 1758 2741 1842 plus
2780 1761 2858 1825 illi

495 1858 651 1944 parti
677 1878 858 1942 quam
893 1861 989 1926 ius
1017 1862 1477 1927 suumconcedi
1504 1862 1740 1941 dehere,
1769 1873 1831 1927 et
1872 1880 2179 1926 summum
2209 1862 2272 1926 in
2299 1862 2619 1927 virtutihus
2655 1863 2858 1928 locum

495 1962 764 2030 obtinere
793 1965 1119 2048 pudorem,
1150 1966 1606 2045 continentiam,
1634 1966 2090 2052 temperantiam
2106 2014 2124 2043 ,
2153 1965 2332 2030 etiam
2373 1974 2598 2032 veteres
2641 1966 2725 2032 illi
2759 1967 2857 2032 in·

424 2099 428 2103 ·
493 2074 865 2140 tellenerunt.
953 2070 1134 2148 Quod
1173 2079 1376 2136 antem
1414 2070 1581 2136 addit
1616 2077 1904 2154 tanquam
1943 2070 2380 2136 consectarium
2420 2089 2491 2135 ex
2540 2070 2641 2135 illo
2693 2071 2857 2138 alteri

496 2178 655 2262 parti
705 2195 996 2243 concesso
1035 2175 1193 2253 iure,
1244 2176 1534 2240 fluctuare
1582 2176 1965 2259 antiquorum
2002 2175 2282 2240 virtutem
2332 2174 2758 2259 mpiditatihus
2799 2186 2860 2240 et

495 2281 688 2364 modo
723 2282 846 2347 huc
884 2281 1075 2346 modo·
1126 2281 1264 2346 illuc
1298 2279 1549 2366 impelli,
1602 2287 1693 2356 ut,
1745 2279 1799 2344 si
1825 2279 2019 2344 vincat
2047 2278 2258 2343 melior
2284 2298 2455 2363 pars,
2498 2287 2701 2344 tamen
2727 2298 2858 2346 non

489 2384 719 2472 pudeat
743 2385 909 2451 alteri
939 2404 1182 2471 quoque
1201 2378 1435 2471 'aliquid
1465 2384 1816 2451 indulsisse:
1851 2384 1972 2449 hoc
1999 2384 2272 2461 alterum,
2300 2383 2609 2467 indulgere
2636 2384 2859 2470 aliquid

493 2490 742 2576 corpori
769 2500 832 2556 et
868 2491 1314 2575 cupiditatibus,
1356 2508 1435 2555 ne
1463 2489 1789 2556 Christiani
1824 2489 2063 2572 quidem
2097 2497 2372 2555 veremur
2417 2499 2521 2554 aut
2559 2501 2857 2566 vetamurz

493 2595 779 2662 fluctuare
808 2602 1011 2660 autem
1037 2605 1098 2659 et
1125 2595 1311 2660 modo
1340 2595 1463 2659 huc
1490 2593 1676 2658 modo
1706 2593 1845 2659 illuc
1870 2592 2110 2677 impelli,
2139 2612 2331 2678 neque
2373 2614 2649 2662 coercere
2685 2601 2855 2685 mpi-

493 2700 708 2766 ditates
735 2699 973 2765 ratione
1002 2718 1206 2784 posse,
1236 2697 1536 2764 veteribus
1562 2715 1691 2763 non
1722 2698 1911 2781 magis
1940 2716 2122 2782 quam
2151 2698 2330 2763 nobis
2353 2699 2638 2766 decorum
2659 2704 2856 2771 visum

493 2813 609 2870 est.
665 2803 982 2868 Cas-itatem
1011 2811 1212 2868 autem
1243 2819 1627 2866 communem
1659 2819 2049 2884 amoremque
2072 2802 2250 2865 etiam
2278 2801 2659 2870 inimicorum
2678 2828 2856 2892 prae-

492 2908 637 2993 cipit
662 2907 905 2992 quidem
932 2906 1111 2971 nobis
1142 2906 1236 2970 lex
1264 2905 1476 2982 divina,
1506 2923 1691 2987 quam
1720 2904 1801 2969 illi
1826 2904 2099 2969 nondum
2127 2915 2448 2972 noverant:
2477 2909 2585 2974 sed
2612 2931 2762 2995 prae
2787 2933 2856 2979 se

361 3042 375 3050 -
490 3014 651 3078 ferre
695 3010 861 3076 hunc
909 3029 1179 3076 amorem
1229 3007 1366 3093 quis
1416 3017 1698 3075 nostrum
1750 3004 1953 3073 ausit?
2009 3007 2097 3072 Re
2140 3027 2304 3085 vera,
2354 3012 2518 3095 quod
2560 3017 2855 3083 veteribus

490 3116 871 3182 Hei-mannus
900 3114 1214 3199 proprium
1249 3112 1491 3190 tribuit,
1530 3131 1732 3177 amare
1762 3104 2054 3190 amicum,
2093 3113 2399 3179 inimicum
2430 3116 2664 3196 odisse,
2688 3102 2854 3188 'idm

487 3221 669 3286 etiam
703 3237 825 3285 nos
868 3220 1146 3294 tacimus,
1190 3218 1692 3300 agnoscimusque
1733 3217 1853 3282 hac
1876 3218 1939 3282 in
1968 3225 2161 3300 parte,
2192 3218 2346 3283 sicut
2370 3219 2435 3283 in
2464 3221 2592 3287 aliis
2624 3226 2851 3303 moltis,

485 3321 669 3404 vitam
695 3331 970 3390 nostram
1001 3323 1270 3388 doctrina
1307 3322 1665 3388 deteriorem
1705 3343 1858 3388 esse.
1937 3324 2056 3388 Sed
2088 3323 2257 3407 quid,
2296 3345 2551 3409 quaeso,
2591 3331 2743 3398 hm
2780 3352 2853 3396 ο.

487 3430 668 3496 mnia·
696 3430 772 3496 ad
799 3429 1155 3513 Aeschylum
1186 3436 1289 3492 aut
1324 3426 1398 3491 ad
1425 3445 1626 3492 meam
1665 3427 1848 3493 soluti
1876 3427 2218 3493 Promethei
2247 3432 2663 3513 tragoediam?
2715 3436 2853 3501 Non

491 3535 652 3601 enim
682 3545 794 3617 e‘go
822 3542 947 3599 tam
976 3533 1215 3617 ineptus
1247 3532 1349 3610 fui,
1377 3539 1446 3598 ut
1472 3529 1955 3616 talia'pra‘eoepta
1982 3533 2109 3597 dari
2136 3534 2440 3617 fingerem.
2516 3539 2602 3604 De
2628 3540 2852 3606 iustitia

494 3648 748 3716 tanturm
778 3638 855 3703 de
882 3639 1046 3723 pace,
1076 3637 1153 3702 de
1180 3636 1517 3714 concordia,
1548 3636 1623 3700 de
1651 3637 2078 3713 moderatione,
2109 3636 2184 3701 de
2211 3636 2428 3720 pietate
2451 3643 2699 3709 Themis
2720 3665 2852 3710 mea

489 3736 776 3828 loonitur,
819 3762 968 3827 quas
996 3743 1244 3807 virtutes
1272 3741 1377 3826 qui
1406 3761 1440 3806 a
1467 3741 1764 3806 veteribus
1793 3742 2045 3810 minoris
2076 3765 2255 3831 quam
2286 3768 2321 3813 a
2350 3747 2531 3813 nobis
2570 3749 2849 3814 aestima·

393 3863 442 3907 :2
490 3847 588 3914 ta's
623 3847 811 3923 dicat,
853 3865 1152 3912 summam
1191 3847 1462 3930 profecto
1503 3845 1781 3911 iniuriam
1816 3847 1894 3913 iis
1946 3850 2136 3916 faciat.
2223 3852 2603 3918 Hei-mannus
2650 3861 2851 3918 eutem

477 3951 1001 4037 quemadmodum
1029 3951 1170 4016 illud
1219 3952 1284 4016 in
1309 3951 1534 4017 Ioanne
1562 3949 1828 4016 Diacono
1859 3953 2094 4037 probat,
2137 3957 2302 4040 quod
2329 3957 2641 4021 Herculem
2694 3974 2850 4041 quo-

490 4057 815 4123 dammodo
847 4074 984 4121 cum
1012 4054 1252 4121 Christo
1287 4055 1845 4139 comparari'posse
1872 4055 2045 4136 dixit,
2082 4059 2164 4125 ita
2200 4061 2376 4126 etiam
2415 4060 2537 4125 hoc
2570 4071 2732 4125 recte
2759 4061 2848 4124 fa<-

491 4170 657 4227 ctum
685 4179 1008 4245 agnoscere
1030 4159 1303 4237 debebat,
1325 4159 1498 4244 quod
1522 4160 1948 4226 Prometheum
1977 4163 2136 4228 idem
2169 4182 2304 4229 cum
2334 4163 2560 4229 Ademo
2592 4182 2849 4247 compo·

491 4265 646 4329 suits
695 4257 840 4330 Οὖπ
881 4255 1154 4344 ἄτοπον,
1201 4266 1408 4349 inquit,
1452 4258 1573 4330 καὶ
1614 4257 1738 4329 sat
1777 4261 1900 4330 τοῦ
1943 4263 2382 4354 προπάτορος
2427 4260 2849 4350 ἐπιλαβέσθαι

486 4364 573 4434 «ὁ
629 4361 880 4456 νόημα,
934 4359 1023 4446 ὥς
1073 4359 1385 4457 vimi-moe
1424 4362 1550 4452 μὲν
1600 4365 1722 4434 τὸν
1775 4366 2180 4459 δημιουργὸν
2220 4365 2260 4436 ὁ
2304 4363 2847 4457 πρωόπλᾰπος
