3102 4866
1606 233 1849 352 208·

502 479 920 564 Theophrasto
950 478 1210 562 scriptus
1240 476 1335 555 sit,
1363 488 1825 542 controversum
1850 486 1962 541 est.
2018 475 2404 558 Reliquorum
2425 485 2627 542 autem
2655 476 2854 561 philo·

501 584 842 669 sophorum
882 582 1268 647 oeconomica
1303 580 1559 666 scripta,
1596 589 1833 665 praeter
1871 600 2059 666 pauca
2104 580 2509 646 recentiorum
2556 582 2853 666 imprimis

497 688 1012 772 Pythagoreorum
1040 688 1366 771 fragmenta
1382 689 1475 766 ςθ),
1501 688 1683 771 plane
1710 687 2043 770 perierunt,
2077 706 2147 751 ac
2173 704 2372 769 nuper
2398 685 2645 751 demum
2673 706 2852 752 unam

500 792 671 876 quasi
707 811 780 856 ex
817 810 1038 875 magno
1076 792 1383 875 naufragio
1422 790 1693 855 tabellam
1745 792 1983 856 l'orttma
2026 790 2207 856 nobis
2242 790 2471 866 retulit,
2520 790 2855 855 Philodemi

497 895 804 979 Epimrei,
831 894 1135 961 Ciceronis
1164 895 1447 979 aequalis,
1493 896 1569 959 de
1596 895 2107 961 administratione
2135 896 2221 960 rei
2249 894 2555 960 familiaris
2584 894 2856 978 disputa·

433 1009 464 1061 7
500 998 753 1077 tionem,
791 1001 1035 1066 maioris
1068 1000 1270 1085 operis
1301 999 1376 1065 de
1403 1000 1718 1066 virtutibus
1749 1000 2164 1085 oppositisque
2193 998 2347 1064 vitiis
2376 998 2760 1083 particulam,
2798 1000 2857 1062 in

496 1102 813 1170 Herculani
839 1105 1159 1171 ruderibus
1188 1114 1511 1189 repertam,
1548 1123 1674 1169 non
1703 1105 2031 1170 admodum
2060 1104 2215 1170 illam
2246 1102 2486 1189 quidem
2532 1101 2626 1166 vel
2664 1101 2857 1167 disse·

495 1208 666 1273 rendi
694 1209 1017 1275 stssitilitate
1044 1210 1135 1274 vel
1164 1210 1455 1274 orationis
1484 1209 1769 1292 elegantia
1792 1194 2339 1285 commendabilem,
2364 1215 2776 1273 verumtamen
2798 1208 2857 1271 in

358 1380 366 1389 ,
450 1299 466 1308 ’
495 1321 656 1378 tanta
683 1313 938 1379 aliorum
951 1315 1036 1379 de
1065 1314 1184 1379 hoc
1202 1324 1556 1398 argumento
1582 1314 1944 1398 scriptorum
1965 1314 2189 1378 iactura
2216 1314 2679 1397 haudquaquam
2712 1332 2857 1377 sane

497 1419 1012 1483 contemnendam.
1059 1419 1390 1484 Ediderunt
1409 1420 1566 1483 hanc
1588 1419 1941 1483 Franciscus
1963 1418 2302 1482 lavaronius
2325 1428 2386 1482 et
2404 1416 2655 1482 Carolus
2678 1417 2856 1482 Maria

499 1520 784 1587 Rosinius
836 1523 899 1586 in
952 1523 1319 1588 voluminum
1367 1523 1897 1588 Herculanensium
1946 1533 2113 1587 tomo
2166 1522 2365 1613 tertio,
2416 1520 2667 1604 Neapoli
2720 1540 2855 1585 ann.

496 1624 973 1704 mcccxxvn,
1005 1637 1064 1693 et
1091 1638 1234 1712 post
1262 1629 1377 1693 hos
1401 1629 1647 1693 Carolus
1668 1627 2077 1711 Goettlingius,
2109 1645 2225 1690 una
2256 1644 2391 1690 cum
2424 1624 2771 1690 Aristotelio
2800 1638 2859 1689 et

498 1730 785 1814 anonymi
813 1733 1227 1809 oeconomico,
1258 1733 1428 1797 lenae
1458 1752 1597 1797 ann.
1620 1731 2057 1798 MDCCCXXX.
2100 1731 2177 1794 Et
2199 1729 2272 1792 de
2296 1728 2699 1812 Neapolitanis
2724 1730 2857 1811 qui-

499 1831 642 1896 dem
667 1834 996 1899 editoribus
1026 1854 1189 1900 nunc
1216 1836 1411 1900 dicere
1439 1838 1613 1912 nolo,
1651 1854 1765 1901 nec
1793 1835 1935 1899 satis
1964 1843 2095 1899 tuto
2126 1851 2405 1916 possum,
2445 1852 2634 1916 quum
2663 1833 2858 1916 ipsam

497 1954 709 2001 eorum
761 1938 1078 2015 editionem
1135 1958 1443 2023 nunquam
1492 1938 1770 2003 viderim:
1820 1937 2123 2021 popularis
2172 1946 2370 2001 autem
2416 1945 2631 2000 noster
2673 1956 2857 2021 quum

499 2040 795 2124 praeclare
823 2042 898 2106 de
927 2042 1122 2107 tribus
1153 2042 1264 2107 illis
1296 2043 1603 2126 opusculis
1644 2042 1733 2105 vel
1770 2039 2133 2106 illustrandis
2171 2041 2261 2103 vel
2297 2040 2691 2105 emendandis
2728 2059 2858 2105 me-

496 2146 710 2222 ruerit,
748 2146 1042 2229 permulta
1071 2156 1270 2211 tamen
1299 2147 1427 2210 aliis
1460 2145 1725 2210 facienda
1754 2144 2065 2228 reliquisse
2106 2143 2458 2208 iudicandus
2502 2153 2627 2209 est:
2666 2163 2860 2227 neque

497 2248 561 2313 id
600 2247 848 2325 mirum,
885 2249 948 2313 in
987 2249 1344 2315 Philodemo
1385 2250 1765 2333 praesertim,
1801 2248 2075 2331 plurimis
2115 2257 2173 2311 et
2216 2247 2490 2313 maximis
2529 2248 2594 2312 in
2630 2267 2858 2333 papyro

495 2352 725 2417 lacunis
756 2352 1000 2437 aliisque
1036 2353 1393 2417 mendorum
1435 2352 1753 2435 generibus
1795 2350 2011 2416 misere
2045 2352 2315 2428 foedato,
2354 2371 2506 2436 quae
2542 2352 2861 2417 lectionem

498 2456 566 2519 in
599 2456 759 2520 nulla
801 2474 930 2520 non
965 2457 1181 2539 pagina
1231 2458 1365 2540 plus
1420 2456 1605 2521 semel
1655 2456 1981 2539 impediant
2027 2455 2500 2539 sententiamque
2548 2458 2861 2540 scriptoris

500 2559 838 2624 obscurent.
890 2559 1058 2624 Hanc
1079 2560 1159 2624 ob
1184 2579 1427 2624 causam
1450 2578 1635 2643 quum
1659 2578 1775 2624 nos
1800 2569 1860 2623 et
1881 2559 2026 2625 olim
2049 2561 2326 2625 nonnihil
2349 2580 2528 2625 curae
2554 2562 2653 2625 bis
2690 2560 2862 2625 libel·

498 2663 571 2727 lis
600 2663 1090 2747 impenderimus,
1120 2674 1178 2728 et
1205 2665 1324 2728 hoc
1346 2664 1478 2747 ipso
1500 2674 1777 2747 tempore
1800 2663 1872 2727 ad
1898 2663 2210 2728 lectionem
2239 2684 2451 2729 eorum
2482 2664 2742 2729 revocati
2773 2665 2860 2728 si-

497 2785 666 2843 mus,
705 2785 831 2830 non
863 2767 938 2832 ab
968 2786 1035 2831 re
1062 2767 1258 2832 visum
1288 2776 1380 2832 est
1406 2768 1632 2851 aliquot
1662 2767 2095 2832 emendationis
2125 2777 2370 2833 nostrae
2401 2770 2468 2832 'et
2501 2768 2862 2852 interpreta-

497 2868 678 2934 tionis
709 2870 1036 2960 specimina
1064 2870 1300 2954 publice
1327 2890 1690 2956 proponere.
1745 2870 1863 2934 Sed
1886 2871 2216 2936 Philodemi
2241 2890 2428 2954 quum
2459 2871 2752 2956 tripertita
2784 2872 2862 2935 sit

497 2973 852 3058 disputatio,
881 2982 1265 3058 verseturque
1294 2975 1557 3059 primum
1589 2975 1653 3040 in
1680 2974 2129 3057 Xenophontis,
2168 2975 2381 3040 deinde
2410 2976 2474 3040 in
2504 2975 2863 3052 Aristotelis,

496 3079 614 3156 vel,
653 3087 722 3144 ut
753 3080 885 3163 ipse
917 3078 1024 3156 ait,
1053 3078 1455 3163 Theophrasti
1486 3078 1880 3143 oeconomico
1924 3079 2268 3156 iudicando,
2311 3087 2623 3162 postremo
2659 3088 2857 3166 autem

412 3318 423 3329 ·
494 3312 579 3363 hie
600 3309 809 3363 libellus
831 3311 896 3365 ad
921 3326 1032 3363 eam
1057 3325 1187 3379 quae
1211 3326 1336 3362 vere
1359 3309 1547 3362 dicitnr
1571 3309 1931 3376 oeconomiam,
1968 3326 2118 3378 quun
2150 3309 2275 3362 nihil
2300 3311 2363 3363 de
2387 3310 2669 3363 domestice
2694 3311 2856 3364 odni-

495 3396 797 3450 dstratione
821 3396 1121 3466 praecipiat,
1156 3397 1247 3449 sed
1279 3396 1626 3449 tantummodo
1651 3397 1794 3449 varia
1819 3394 2151 3448 artificiorum
2177 3396 2412 3466 exempla
2433 3404 2713 3466 proponat,
2747 3400 2859 3466 qui·

492 3483 590 3537 bne
613 3484 853 3537 civitates
877 3499 1151 3551 ami-que
1175 3483 1532 3551 principamini
1560 3483 1665 3535 sint
1686 3483 1750 3534 ad
1774 3481 2039 3548 nasutius
2061 3484 2379 3536 aerariorum
2402 3483 2769 3538 sublevandas.

633 3570 688 3636 9>
720 3568 973 3638 Pleraque
996 3571 1174 3622 horum
1195 3571 1329 3638 apud
1354 3568 1887 3623 loannemStohaeum
1914 3576 2123 3622 servata
2148 3576 2283 3637 sunt,
2314 3584 2345 3621 e
2372 3570 2634 3640 Brysonis,
2670 3586 2858 3640 perso-

493 3656 604 3709 nati
632 3656 768 3708 head
798 3656 968 3720 dubie,
999 3656 1364 3727 Οἰκονομικῷ
1385 3647 1601 3721 'wion-u.
1630 3656 1707 3708 tit.
1732 3654 1813 3722 85,
1840 3655 1920 3719 15)
1957 3654 2315 3709 Callicratidas
2358 3656 2493 3709 libuo
2533 3658 2669 3727 περὶ
2693 3660 2858 3710 οἴκου

493 3738 863 3814 εὐδαιμονίας
878 3733 983 3808 ⁶(ib.
1010 3742 1100 3808 70,
1127 3741 1208 3795 11.
1233 3742 1316 3810 85,
1347 3740 1427 3793 16.-
1456 3741 1538 3794 17.
1571 3741 1672 3807 18),
1703 3740 1959 3794 Hieroclis
1996 3742 2344 3813 οἰκονομικῷ
2380 3743 2467 3810 (ib.
2489 3742 2576 3810 85,
2602 3742 2712 3810 21),
2755 3761 2857 3795 non

492 3830 716 3897 diverso,
743 3837 801 3881 nt.
821 3829 1066 3894 arbitror,
1101 3844 1135 3881 a
1167 3828 1299 3881 libre
1334 3828 1467 3901 περὶ
1492 3828 1691 3882 οἰκιῶν
1712 3843 1755 3880 s.
1780 3844 1844 3880 π.
1874 3829 2061 3895 οἴκων,
2103 3843 2251 3896 quem
2281 3829 2392 3899 ipse
2417 3830 2546 3883 citat
2569 3829 2620 3882 in
2644 3829 2711 3882 l'r.
2735 3829 2856 3882 libri

491 3917 630 3989 inp)
650 3911 844 3989 γάμου
867 3915 935 3969 ib.
960 3913 1046 3982 67,
1071 3915 1156 3969 22.
1179 3943 1255 3955 —
1290 3915 1502 3984 Aliquot
1534 3914 1635 3967 loci
1664 3929 1698 3966 a
1720 3912 1943 3967 Stoheeo
1976 3913 2131 3966 etiem
2153 3930 2184 3966 e
2208 3913 2388 3969 Dionis
2412 3915 2736 3968 oeconomico
2761 3929 2860 3968 ex-

493 3987 804 4075 eun-pessunt
829 4003 928 4069 (iit.
954 4003 1042 4069 42,
1073 4002 1152 4055 12.
1177 4002 1263 4068 ss,
1286 4002 1372 4054 46.
1397 4000 1481 4066 74,
1506 4001 1592 4053 59.
1620 3999 1705 4052 so.
1732 3999 1817 4068 85,
1844 4000 1926 4052 12.
1956 3998 2056 4066 13),
2083 4001 2167 4070 qni
2193 4002 2309 4070 qui.
2337 4001 2737 4072 chryso-ioum
2765 4003 2857 4066 sit,

492 4107 598 4144 m*
617 4063 824 4145 antimi·
842 4091 1067 4144 videm.
1125 4089 1335 4144 Plurimi
1365 4095 1536 4141 antem
1573 4103 1673 4139 non
1706 4087 1770 4139 aa
1794 4086 1929 4150 omui
1961 4088 2400 4142 administratione
2423 4087 2712 4154 annosam,
2760 4090 2857 4140 sea

493 4179 559 4231 de
579 4194 684 4232 uun
701 4180 936 4232 alterave
960 4186 1109 4247 parte
1133 4178 1468 4246 seripserunt,
1492 4174 1657 4228 veluti
1680 4174 1742 4226 de
1768 4172 2019 4239 coniugio,
2053 4174 2117 4226 de
2140 4173 2418 4228 liberorum
2440 4173 2761 4240 mentione,
2787 4175 2857 4226 de

494 4279 760 4317 servorun
783 4265 1112 4331 metatione,
1133 4264 1199 4316 de
1224 4263 1421 4316 divitiis
1445 4268 1687 4330 rectoque
1709 4274 1886 4312 earum
1911 4275 2021 4328 usu,
2039 4261 2104 4314 de
2126 4269 2377 4330 apparatu
2386 4261 2667 4314 domestico
2692 4262 2856 4330 (περὶ

495 4349 754 4419 mr),
777 4365 908 4419 quoe
931 4364 1238 4419 percensere
1262 4348 1468 4415 longua
1492 4355 1589 4400 eet.
1668 4357 1680 4368 ·
