3102 4866
120 0 143 15 1
313 0 316 2 ⁷
374 0 403 15 ²-

142 56 166 72 ο*
377 70 386 77 ν

351 82 390 89 7,.

157 94 174 103 ,.

255 136 263 143 .
376 115 406 143 ⁸·

217 338 238 387 ;
273 322 304 374 .’
367 283 426 390 ’ἐ
832 344 840 349 -
1423 304 1549 372 ¹⁸⁷

361 402 431 438 v:

11 472 62 487 '⁹
153 446 170 463 ἦ
221 442 1260 583 ⁴⁵*'pamm-emecurnipsevellem.
1326 454 1826 580 Negavi'eninip.
1857 497 1963 562 46.
1994 498 2097 563 47.
2126 498 2207 562 51
2243 496 2670 579 Prometheum

251 596 576 694 ἰαῇιιειτι
610 598 956 665 hominibus
994 601 1296 684 potuisse,
1336 618 1487 683 quae
1513 619 1558 663 a
1594 599 1735 665 lore
1769 608 2004 665 tantum
2041 601 2316 686 Iovisque
2352 601 2559 667 amida
2592 600 2670 667 ad

301 700 588 788 hines
626 713 1078 786 permanarent.
1115 708 1310 788 neque
1346 704 1639 788 postulavi
1683 704 1891 787 ignor,
1938 706 2329 771 attribueret
2359 705 2677 790 illefaqnae

47 894 62 903 ς
151 886 162 893 ⁴
253 796 2672 902 *μιαιῑσίὺυοτμεοᾱὴοοροιωιανῇωηοωᾳὺὶόω,ςυκρωσα,

185 914 194 925 ”
285 908 658 975 hominihus
693 912 1024 996 impertiret
1066 920 1276 978 contra
1314 912 1473 978 lovis
1520 912 1871 997 imperium,
1916 930 2071 977 neve
2107 914 2481 997 opinaretur,
2526 913 2675 999 quid

312 1014 659 1080 conveniret
683 1015 760 1080 iis
779 1015 990 1093 tribui,
1027 1023 1090 1079 et
1128 1016 1368 1099 qnando
1401 1018 1772 1095 conveniret,
1811 1035 1880 1082 se
1904 1015 2121 1081 melius
2148 1015 2289 1082 love
2313 1016 2674 1101 perspmem’.

312 1118 435 1184 Sed
464 1136 682 1201 operae
708 1118 966 1201 pretium
1007 1126 1102 1183 est
1123 1119 1257 1201 ipsa
1288 1118 1614 1184 Heu-manni
1639 1119 1815 1186 verha
1848 1137 2292 1202 cognoscere.
2319 1120 2472 1186 Nam
2497 1129 2677 1205 post·

311 1242 493 1307 quam
521 1221 663 1287 illud
695 1222 772 1287 de
798 1240 1042 1287 morum
1069 1222 1422 1306 virmtisque
1447 1225 1814 1325 praeceptis,
1843 1224 2017 1307 quasi
2040 1242 2248 1289 meum
2274 1242 2549 1291 enom
2573 1245 2677 1293 re-

309 1327 719 1410 prehendens,
745 1346 813 1392 re
842 1347 976 1393 vera
1004 1337 1203 1394 autem
1230 1327 1377 1392 nihil
1405 1328 1524 1391 nisi
1554 1348 1734 1392 suum
1770 1328 2067 1412 prodens,
2104 1329 2455 1412 proposuit,
2482 1330 2680 1414 pergit

311 1430 529 1495 deinde
563 1430 628 1494 in
664 1431 832 1496 hunc
865 1431 1145 1497 modum:
1195 1430 1310 1507 „ld
1348 1450 1526 1496 verso
1563 1431 1620 1496 si
1644 1432 1898 1496 iecisset
1930 1432 2362 1509 Prometheus,
2391 1432 2679 1513 (scibat

308 1553 556 1600 morum
578 1522 904 1619 praecepta
929 1536 1238 1614 traderet)
1280 1534 1477 1599 mirati
1501 1544 1710 1600 essent
1736 1534 2111 1618 spectatores
2134 1554 2590 1620 supervacanea
2608 1547 2680 1604 et

310 1658 466 1722 quae
512 1656 696 1703 nemo
744 1648 1114 1723 expectasset
1159 1640 1582 1722 proferentem.-
1682 1640 1984 1722 Exemplis
2029 1640 2306 1705 homines
2342 1641 2589 1725 :antiqui
2602 1651 2681 1707 ‘et

309 1742 562 1809 monitis
589 1762 704 1827 pro
734 1762 802 1807 re
829 1762 899 1807 ac
927 1752 1201 1827 tempore
1228 1743 1394 1808 iactis
1423 1743 1499 1807 ad
1529 1743 1807 1808 virtutem
1836 1743 2318 1818 instituebantur,
2340 1762 2472 1810 non
2498 1764 2678 1830 prae-

310 1859 488 1931 cepta
532 1866 773 1912 morum
812 1848 877 1912 in
927 1848 1231 1913 doctrinae
1270 1850 1528 1911 formam
1564 1847 1801 1913 redacta
1842 1848 2220 1935 ediscebant,
2258 1859 2396 1927 aut,
2444 1849 2499 1914 si
2534 1849 2678 1933 quid

315 1952 695 2030 huiusmodi,
723 1951 782 2016 id
813 1960 1131 2036 poetarum
1160 1950 1527 2016 carminibus
1564 1954 1903 2036 expositum
1944 1954 2272 2018 memoriae
2296 1952 2680 2019 mandabant.

313 2056 404 2122 Ita
433 2056 602 2121 domi
633 2057 849 2121 doctus
877 2056 1032 2120 scire
1059 2074 1218 2120 unus
1249 2057 1503 2140 quisque
1530 2057 1874 2140 putabatur,
1913 2056 2053 2140 quid
2094 2058 2184 2121 fas
2213 2067 2273 2122 et
2296 2059 2494 2135 netas,
2529 2059 2677 2142 quid

311 2162 539 2226 iustum
568 2169 633 2225 et
657 2161 975 2237 iniustum,
1000 2160 1143 2242 quid
1169 2168 1519 2243 aeqtmmet
1543 2160 1836 2245 iniquum,
1869 2160 2009 2245 quid
2040 2161 2363 2227 honestum
2390 2171 2453 2227 et
2476 2170 2675 2248 ωερε,

312 2266 600 2331 decorum
638 2274 701 2330 et
731 2265 1112 2341 indecorum,
1154 2264 1382 2329 bonum
1412 2273 1472 2329 et
1504 2265 1735 2330 malum
1754 2274 1954 2354 esset,
1982 2274 2051 2329 et
2082 2272 2246 2329 recte
2274 2267 2545 2349 quidem:
2572 2279 2679 2332 est

313 2371 475 2437 enim
508 2371 692 2436 huius
732 2368 1016 2435 scientiae
1053 2369 1196 2433 fons
1234 2370 1418 2446 ratio,
1454 2388 1608 2453 quae
1628 2387 1770 2436 non
1800 2369 2034 2436 aliunde
2061 2370 2378 2454 accipitur,
2419 2356 2528 2437 sed
2553 2390 2677 2438 una

314 2494 454 2541 cum
491 2474 740 2539 homine
777 2475 1074 2551 nascitur,
1103 2483 1194 2538 ‘ut
1223 2475 1361 2540 ¹sine
1398 2495 1472 2540 ea
1507 2493 1587 2539 ne
1620 2476 1870 2557 cogitari
1910 2473 2149 2557 quidem
2185 2474 2373 2539 homo
2414 2476 2672 2559 possit.“

255 2633 272 2643 .
315 2581 506 2646 Viden
535 2597 713 2662 quam
753 2579 1060 2662 diligenter
1096 2597 1374 2660 summus
1400 2578 1491 2642 vir
1517 2579 1852 2662 provideat,
1891 2597 1970 2642 ne
2008 2578 2145 2662 quis
2182 2579 2532 2662 persuaderi
2559 2581 2676 2646 sihi

316 2685 575 2768 patiatm·
611 2684 1035 2748 Prometheum
1083 2692 1365 2766 tanquam
1424 2684 1723 2767 quendam
1761 2683 1887 2747 ludi
1932 2684 2284 2766 magistrum
2333 2694 2437 2748 aut
2469 2704 2671 2750 mora-

181 2864 194 2874 ·
315 2790 459 2854 lium
493 2789 905 2872 professorem
943 2787 1145 2851 induci
1181 2788 1256 2853 ah
1293 2788 1585 2871 Aeschylo
1616 2785 1930 2871 potuisse?
1990 2788 2138 2865 Quis
2162 2795 2379 2852 „autem
2400 2799 2547 2864 cot,¹
2574 2788 2679 2872 qui

314 2894 447 2958 talia
476 2893 837 2978 persuadere
865 2890 1160 2956 conetur?
1218 2892 1312 2957 He
1341 2891 1566 2956 scilicet
1592 2891 1915 2976 putabunt,
1937 2892 2039 2975 qui
2067 2890 2285 2956 librum
2315 2911 2519 2957 meum
2548 2911 2676 2958 non

314 2998 613 3081 legerunt:
661 2997 766 3080 qui
815 3005 1012 3062 autem
1063 2997 1359 3079 legerunt,
1413 3007 1516 3061 aut
1573 2996 1950 3060 mirabuntur
1996 3005 2118 3060 tam
2174 3015 2675 3078 supervacaneam
2714 3006 2778 3061 13

316 3100 639 3168 liei-manni
669 3101 1161 3184 disputationem,
1193 3103 1302 3164 'aut
1338 3101 1544 3177 etiam,
1564 3100 1639 3164 ¹si
1676 3101 1879 3165 minus
1907 3101 2122 3164 'norint
2147 3100 2256 3164 viri
2288 3099 2509 3183 optimi
2534 3100 2680 3165 ani·

313 3206 788 3283 mum32euhesse
815 3205 1021 3270 nescio
1051 3203 1191 3287 quid
1223 3204 1453 3269 consilii
1481 3204 1963 3286 suspicabuntur.
2029 3205 2305 3269 Ceterum
2335 3205 2412 3269 de
2435 3223 2680 3270 morum
2756 3229 2765 3236 ·

317 3311 626 3394 disciplina
656 3309 814 3392 apud
845 3318 1075 3373 veteres
1107 3309 1383 3386 Graecos,
1412 3318 1473 3372 et
1498 3327 1618 3391 qua
1648 3308 1726 3372 illi
1759 3309 1993 3374 ratione
2007 3308 2302 3374 homines
2330 3309 2403 3374 ad
2435 3328 2681 3374 omnem

315 3416 640 3479 humanam
672 3412 1018 3495 civilemque
1041 3412 1318 3486 ,virtutem
1350 3411 1756 3477 efficacissime
1784 3413 2092 3478 informari
2114 3412 2508 3497 crediderint,
2536 3414 2681 3497 quid

317 3537 427 3602 ego
456 3517 710 3582 sentiam
740 3533 865 3580 non
897 3517 1137 3599 quidem
1165 3536 1235 3581 ex
1267 3517 1364 3594 iis,
1394 3536 1545 3601 quae
1574 3518 1649 3581 de
1676 3517 1949 3600 Aeschyli
1978 3517 2340 3583 Prometheo
2370 3536 2682 3583 commen-

319 3631 481 3688 tatus
519 3640 690 3697 sum,
728 3620 832 3686 uhi
868 3620 1025 3686 nulla
1065 3631 1189 3685 erat
1228 3622 1409 3686 huius
1448 3621 1535 3685 rei
1566 3620 1942 3703 explicandae
1973 3621 2242 3696 occasio,
2278 3622 2400 3686 sed·
2428 3640 2501 3686 ex
2524 3621 2681 3685 libro

315 3725 728 3810 antiquitatum
754 3722 1113 3789 Graecarum
1144 3734 1281 3791 ante
1305 3727 1425 3789 hos
1455 3735 1594 3790 octo
1623 3744 1819 3790 annos
1845 3725 2007 3790 edito
2035 3725 2360 3807 intelligere
2388 3725 2680 3790 Herman-

314 3849 433 3896 nus
464 3829 518 3895 si
545 3827 702 3893 §olet
731 3831 967 3912 poterit,
993 3849 1189 3912 neque
1215 3829 1471 3894 inveniet
1491 3830 1560 3893 in
1593 3850 1666 3892 eo
1697 3830 2048 3914 quidquam,
2083 3829 2247 3913 quod
2278 3829 2519 3912 culpare
2534 3824 2681 3893 tnnss

317 3955 498 4021 quam
538 3954 610 3999 ex
649 3952 802 3998 vano
841 3934 1122 3998 haustum
1158 3934 1373 4018 possit.
1433 3935 1642 4011 Quod
1682 3945 1876 3998 autem
1920 3934 1993 3999 de
2023 3934 2255 3998 ratione
2284 3933 2450 4008 dicit,
2481 3932 2681 3997 omnis

316 4038 562 4104 moralis
605 4037 950 4122 discipliuae
988 4039 1180 4114 sonte,
1220 4058 1345 4103 non
1388 4039 1622 4104 aliunde
1659 4048 1927 4122 accepta,
1968 4037 2072 4102 sed
2112 4057 2230 4102 una
2261 4056 2399 4101 cum
2437 4025 2684 4102 homine

315 4154 484 4222 nata,
530 4153 599 4207 ut
635 4143 769 4208 sine
807 4161 875 4207 ea
923 4160 1000 4207 ue
1050 4143 1294 4225 cogitari
1343 4144 1585 4227 quidem
1633 4142 1822 4206 homo
1872 4143 2096 4225 possit,
2151 4150 2246 4205 est
2282 4159 2427 4205 sane
2474 4160 2681 4207 verum

317 4266 513 4331 neque
541 4247 838 4311 veteribus
875 4248 1180 4328 ignotum:
1215 4268 1426 4312 vereor
1465 4259 1667 4312 tamen
1705 4264 2099 4328 magnopere,
2140 4255 2208 4310 ut
2245 4244 2387 4327 quid
2426 4245 2542 4310 illis
2570 4246 2685 4311 hac

307 4351 395 4415 vde
420 4370 488 4415 re
506 4353 702 4416 visum
732 4352 830 4427 sit,
855 4351 1236 4415 Hermannus
1265 4359 1425 4415 recte
1453 4349 2096 4434 perspectumhaheat.
2148 4348 2243 4413 An
2272 4350 2427 4414 forte
2454 4350 2682 4416 facilius
