3102 4866
1533 294 1667 360 202

427 501 488 565 p.
521 480 668 548 6⁰3.
727 482 1988 567 EademrationeSophociesOed.Col.v.
2018 485 2147 550 223
2186 482 2601 567 maog*
2560 508 2784 569 ισχιτι

427 578 784 674 μηδὲνὸσ’
826 578 1038 665 αὐδῶ,
1083 579 2569 671 quiaffi'zewetdeoecoalescuntinnotionem
2620 593 2785 658 verbi

431 688 2051 776 dedtbvagetpanflcaudaciusssuripidesinm
2091 714 2147 759 v.
2182 694 2382 759 1281:
2419 689 2553 779 λέγ’
2582 689 2784 774 ὦςτὸ

427 790 668 878 μᾶλον
706 787 958 881 καρδία
983 787 1241 884 πήδημ’
1279 789 1444 876 ἔχει,
1487 817 1605 881 pro
1636 791 1791 877 δέος
1814 795 2102 886 πήδημα
2126 817 2384 882 ponens,
2412 810 2481 863 ut
2506 802 2783 864 eflectum

430 898 692 975 timoris,
749 900 1255 986 quemadmodum
1305 896 1555 985 τρόμος
1602 922 2035 987 saepenumero
2103 904 2335 968 dicitur.
2430 905 2543 969 Est
2606 906 2787 986 igitur

428 995 470 1089 ἧ
515 996 768 1088 καρδία
823 998 1111 1093 πήδημα
1159 996 1294 1087 ἔχει
1349 1009 1386 1072 ι.
1431 1028 1491 1091 q.
1533 1000 1577 1095 ἦ
1620 1000 1870 1093 καρδία
1912 1004 2133 1096 πηδᾷ,
2180 1008 2689 1119 quenadmodum
2746 989 2783 1095 ἦ

429 1100 681 1194 καρδία
717 1104 974 1196 τρόμον
1011 1101 1148 1192 ἔχει
1195 1112 1234 1175 ι.
1273 1132 1334 1195 q.
1379 1107 1420 1200 ἡ
1467 1106 1716 1197 καρδία
1756 1112 2018 1197 τρομεῖι
2068 1113 2231 1195 quod
2269 1111 2457 1196 quum
2500 1107 2788 1203 πήδημα

430 1222 498 1277 ιιι
530 1206 784 1299 τρόμος
821 1234 937 1298 pro
991 1235 1094 1293 eo,
1151 1217 1322 1281 cuius
1390 1218 1638 1281 effectui
1680 1226 1801 1292 cst,
1864 1216 1924 1280 h.
1985 1237 2036 1279 e.
2090 1236 2203 1300 pro
2260 1218 2481 1282 timore
2538 1219 2784 1293 dicatur,

431 1318 819 1402 consequitur
878 1321 1053 1384 etiam
1121 1316 1409 1408 πήδημα
1451 1313 1629 1402 ἔχειν
1689 1330 1757 1384 ιιι
1796 1313 2048 1403 τρόμον
2097 1317 2273 1404 ἔχειν
2322 1322 2537 1386 eodem
2598 1341 2789 1387 semu

433 1442 556 1505 quo
606 1414 850 1501 δέος”
800 1443 975 1506 εχειν
1023 1426 1304 1508 usurpari
1356 1436 1415 1488 et
1473 1444 1613 1489 cum
1675 1425 2015 1490 accusativo
2057 1424 2187 1490 eius
2256 1428 2341 1489 rei
2407 1446 2590 1510 quam
2650 1428 2786 1510 quis

434 1527 603 1590 timet
649 1530 918 1592 construi
979 1548 1180 1612 posse.
1278 1530 1471 1593 Porro
1534 1548 1721 1612 quum
1778 1530 2067 1619 μοχθεῖν
2123 1532 2203 1594 sit
2266 1530 2582 1608 laborare,
2642 1532 2789 1596 haec

431 1631 782 1714 significatio
812 1633 1013 1698 addito
1043 1634 1411 1698 substantivo
1454 1627 1934 1721 θεραπεύμασι
1977 1636 2057 1698 ita
2108 1644 2506 1718 temperatur,
2564 1647 2633 1701 ut
2682 1638 2790 1702 alia

431 1736 641 1800 existat
668 1737 882 1802 haece:
919 1736 1280 1825 μοχθηρῶς
1317 1733 1755 1821 θεραπεύειν,
1801 1740 2193 1822 quamobrem
2224 1740 2541 1823 Euripides
2595 1741 2792 1805 dioere

436 1840 630 1922 potnit
675 1839 994 1905 phoeniss.
1041 1842 1245 1907 1590:
1295 1832 1344 1907 ἃ
1393 1837 1582 1907 πόδα
1647 1838 1767 1906 σὸν
1816 1838 2211 1930 τυφλόπουν
2269 1839 2794 1927 θεραπεύμασιν
2908 1870 2917 1877 ’

436 1935 584 2010 αἷὲν
624 1937 981 2027 ἐμόχθουν.
1092 1948 1286 2029 Atque
1337 1949 1712 2032 passivorum
1764 1967 2005 2031 quoque
2056 1948 2371 2012 verborum
2432 1947 2788 2030 significatio
2866 1935 2871 1939 ⁴

434 2049 516 2113 ita
571 2053 772 2133 potest
827 2051 1027 2115 addito
1089 2052 1462 2115 substantivo
1515 2053 1861 2135 temperari,
1921 2062 1985 2117 ut
2043 2052 2252 2117 existat
2306 2052 2560 2127 actionis
2623 2061 2789 2117 tran·

435 2153 639 2219 sitivae
686 2156 885 2231 notio,
938 2157 1092 2220 velut
1128 2157 1201 2221 ad
1230 2150 1595 2243 τήκεσθαι,
1640 2161 1930 2232 consumi,
1982 2157 2035 2220 si
2059 2156 2242 2221 addas
2273 2156 2533 2220 dativum
2579 2149 2790 2240 γόοις,

341 2271 403 2323 13
441 2270 510 2324 ιιι
535 2262 613 2325 sit
640 2261 914 2325 Ιαιιιαιιίι
942 2265 1234 2333 comni,
1275 2260 1417 2324 hinc
1444 2263 1614 2325 notio
1653 2262 1846 2326 evadit
1883 2261 2431 2325 humandi-adeo
2470 2273 2537 2325 ιιι
2575 2279 2795 2327 com-

436 2370 642 2442 matis,
672 2385 743 2429 ac
769 2365 1026 2449 proinde
1051 2366 1418 2429 accusativus
1439 2366 1575 2430 addi
1606 2367 1839 2450 poterit·
1854 2367 1983 2431 eius
2004 2367 2110 2443 rei,
2140 2385 2319 2450 quam
2342 2365 2479 2450 quis
2500 2365 2792 2431 lamenta·

436 2481 550 2548 tur,
580 2471 1086 2554 quemadmodum
1116 2471 1433 2554 Euripides
1455 2470 1602 2535 dixit
1630 2472 1825 2536 orest.
1850 2472 2005 2537 850:
2028 2468 2108 2537 τὸ
2126 2468 2367 2554 μέλλον
2392 2464 2797 2560 ἐξετηκόμην

436 2569 644 2660 γόοις.
719 2575 882 2640 llaec
911 2576 1112 2639 omnia
1141 2576 1408 2658 exempla
1437 2576 1557 2640 hoc
1584 2576 1739 2640 inter
1767 2596 1834 2639 se
1863 2595 2186 2641 commune
2215 2576 2461 2651 habent,
2493 2577 2659 2658 quod
2689 2596 2793 2642 ac-

435 2681 730 2746 cusativus
755 2680 1096 2762 adiungitur
1122 2698 1248 2743 non
1278 2700 1311 2742 a
1342 2680 1521 2743 verbo
1550 2682 1685 2763 ipso
1718 2700 1789 2745 ac
1816 2682 1949 2745 solo
1972 2701 2083 2764 per
2110 2701 2177 2743 se
2198 2689 2469 2762 spectato
2498 2680 2792 2762 pendens,

435 2786 542 2849 sed
570 2785 647 2849 ab
675 2804 744 2848 ca
772 2783 1024 2847 actionis
1052 2783 1330 2858 notione,
1370 2804 1522 2866 quae
1559 2784 1760 2847 existit
1798 2805 1833 2847 e
1862 2785 2025 2847 verbi
2066 2804 2203 2848 cum
2233 2783 2609 2848 substantivo
2639 2802 2793 2847 con·

435 2890 768 2964 iunctione3
793 2887 1079 2951 differunt
1105 2896 1302 2950 autem
1335 2886 1488 2951 inter
1514 2908 1581 2951 se
1610 2908 1705 2962 eo,
1737 2889 1899 2970 quod
1930 2889 1995 2951 in
2020 2889 2149 2952 aliis
2183 2887 2621 2951 substantivum
2651 2887 2796 2952 illud

435 2994 728 3058 actionem
761 2992 1128 3055 transitivum
1156 2991 1402 3066 indicat,
1443 3012 1597 3075 quae
1635 2994 1765 3075 ipsa
1808 3012 1915 3055 sua
1957 2994 2011 3055 vi
2038 2993 2441 3056 accusativum
2470 3010 2679 3074 regere
2708 2992 2795 3055 vi·

436 3099 562 3163 deri
589 3097 812 3182 possit,
843 3105 910 3160 nt
937 3090 1348 3181 θεράπευμα
1375 3096 1604 3179 aliaque
1633 3096 1914 3171 verbalia,
1956 3096 2019 3160 in
2057 3095 2186 3160 aliis
2221 3114 2348 3161 non
2377 3107 2470 3161 est
2498 3095 2802 3161 eiusmodi

434 3202 887 3275 substantivum,
921 3200 1028 3264 sed
1059 3202 1429 3264 accusativus
1455 3200 1774 3264 manifesto
1797 3219 1922 3264 non
1946 3200 2061 3263 nisi
2092 3200 2167 3263 ab
2189 3220 2259 3263 ea
2281 3201 2529 3265 notione
2556 3200 2796 3284 pendet,

434 3327 590 3391 quae
615 3327 650 3370 e
678 3305 1103 3370 coniunctione
1131 3305 1290 3368 verbi
1321 3316 1379 3368 et
1408 3305 1759 3370 substantivi
1781 3305 2101 3380 enascitur,
2130 3304 2286 3369 velut
2314 3306 2378 3368 in
2408 3306 2649 3392 ψῆφον
2671 3299 2797 3370 θέ-

437 3413 616 3476 σθαι
651 3401 851 3474 Ἰλίου
895 3402 1190 3496 φθοράς.
1277 3409 1432 3472 8ιιιιι
1460 3410 1636 3473 etiam
1683 3409 1856 3492 pauci
1900 3409 2129 3491 aliquot
2178 3408 2314 3485 loci,
2342 3409 2407 3473 in
2450 3407 2670 3492 quibus
2722 3427 2798 3472 ne

439 3517 590 3579 haec
624 3513 862 3597 quidem
905 3512 1066 3577 verbi
1110 3531 1246 3576 cum
1287 3512 1659 3577 substantivo
1700 3513 2040 3577 coniunctio
2080 3513 2300 3576 sufficit
2328 3512 2405 3577 ad
2426 3512 2796 3578 efficiendam

439 3618 752 3683 notionem
780 3618 1032 3682 actionis
1076 3617 1414 3681 transitivae
1442 3635 1594 3699 quae
1632 3618 2035 3681 accusativum
2074 3625 2267 3697 regat,
2306 3618 2413 3681 sed
2444 3616 2797 3682 adiectivum

439 3724 616 3788 etiam
645 3722 886 3805 adiungi
915 3741 1162 3787 neoesse
1185 3730 1298 3795 est,
1328 3720 1502 3784 veluti
1529 3721 1591 3784 in
1620 3719 2280 3803 Soph.Electr.1370:
2309 3711 2355 3806 ἥ
2398 3738 2477 3785 σε
2518 3717 2801 3806 λιπαρεῖ

437 3846 779 3913 προυστην
803 3819 974 3909 χερίε
1004 3844 1204 3910 neque
1244 3825 1405 3889 enim
1445 3824 1609 3888 licuit
1648 3823 1843 3887 dicere
1881 3815 1925 3910 ἤ
1965 3841 2045 3888 σε
2089 3813 2429 3910 προυπην
2468 3817 2637 3908 χερί,
2679 3823 2797 3888 nisi

438 3932 861 4014 adiungeretur
899 3931 1248 3994 adiectivum
1298 3926 1603 4012 λιπαρεῖ,
1657 3947 1779 4011 quo
1831 3928 2113 3993 adiuncto
2154 3928 2457 3992 enascitur
2492 3928 2797 3992 transitiva

438 4037 618 4102 huius
645 4035 1017 4118 loquutionis
1046 4034 1218 4099 notio
1249 4043 1308 4098 et
1338 4032 1708 4098 constructio
1739 4032 1947 4097 eadem
1977 4050 2129 4115 quae
2156 4031 2327 4105 verbi
2345 4009 2679 4114 λιπαρεῖν.
2710 4065 2796 4078 -

442 4140 724 4224 Sequitur
761 4140 1090 4205 secundum
1128 4139 1308 4205 huius
1347 4139 1569 4222 figurae
1607 4156 1827 4221 genus,
1867 4138 1943 4202 de
1982 4157 2104 4220 quo
2144 4156 2334 4219 pauca
2374 4153 2621 4199 monere
2649 4136 2798 4200 satis

340 4262 348 4269 ·
439 4246 570 4307 erit.
630 4245 937 4310 Pei-tinent
971 4247 1128 4310 enim
1168 4245 1287 4309 huc
1322 4264 1426 4309 eae
1461 4243 1873 4326 loquutione&
1925 4243 2115 4326 qualis
2165 4248 2259 4305 est
2296 4260 2390 4324 ap.
2432 4239 2797 4320 Sophoclem

442 4347 718 4420 Trachin.
749 4370 803 4414 v.
837 4351 950 4415 59:
982 4344 1201 4414 πολλὰ
1227 4342 1349 4428 μέν
1390 4338 1450 4412 0³
1479 4341 1612 4431 ἐγώ
1641 4343 1953 4410 κατεῖδον
1980 4338 2110 4433 ἤδη
2144 4333 2552 4430 πανδάκρυτ’
2597 4332 2801 4429 ὀδύρ-
