3102 4866
1357 321 1484 387 475

253 511 361 577 sed
399 512 647 577 maioris
682 522 744 577 et
778 511 1053 577 insolitae
1086 511 1326 577 virtutis
1354 512 1531 578 etiam
1558 531 1599 576 a
1627 510 1972 576 mulieribus
2001 511 2359 576 documenta
2384 507 2482 573 edi
2511 507 2604 572 vel

250 626 508 704 poseant
549 616 639 682 vel
679 616 1059 701 permittant,
1102 615 1324 681 borum
1353 634 1501 682 sane
1527 616 1843 682 samaliel-i
1867 633 1997 682 non
2023 623 2228 701 potest
2253 615 2399 699 quin
2423 614 2604 681 latius
2746 628 2755 635 “

252 722 541 798 dimanet,
579 730 640 786 et
676 739 803 786 non
841 719 1173 805 aequalium
1228 719 1415 785 modo
1443 720 1720 787 laudibus
1756 721 1881 798 sed
1928 729 2315 804 posterorum
2360 737 2619 804 quoque
2653 705 2664 716 ’

226 825 544 891 memoria
615 824 958 890 eelebretur.
1075 824 1237 890 Talia
1306 843 1423 891 nos
1485 824 1761 890 admirati
1826 842 2035 889 sumus
2085 824 2151 888 in
2196 823 2372 900 lau,
2420 841 2603 919 quam

250 930 318 994 in
381 929 546 1012 regio
606 928 929 993 Borussiae
1001 927 1158 993 solio
1230 928 1579 994 eolloeatam
1641 947 1783 993 mm
1841 927 2229 992 aeerbissimo
2298 914 2603 1020 bonorum

253 1035 520 1099 omnium
566 1033 775 1099 delo're
817 1050 986 1098 mors
1031 1031 1212 1098 nimis
1258 1041 1490 1098 matura
1517 1031 1806 1117 abripuit:
1849 1050 2000 1114 quae
2027 1050 2215 1115 quum
2242 1031 2509 1097 bonitate
2534 1050 2606 1096 ae

253 1138 545 1203 modestia
580 1137 646 1202 in
682 1137 866 1202 rebus
895 1137 1214 1212 secundis,
1260 1137 1595 1230 eonstantia
1623 1156 1693 1202 ac
1719 1135 2109 1201 fortitudine
2090 1154 2155 1199 m
2184 1135 2448 1200 advenis
2475 1151 2605 1200 non
2656 1212 2662 1219 g

235 1243 468 1323 ‚domus
508 1242 705 1307 solum
745 1260 887 1307 suae
930 1260 1001 1306 ae
1038 1242 1264 1318 mariti,
1312 1241 1417 1306 sed
1456 1239 1682 1324 patriae
1718 1257 1958 1322 quoque
1996 1237 2307 1303 universae
2334 1247 2396 1305 et
2422 1239 2605 1333 deeus
2698 1308 2708 1318 ,
2768 1256 2787 1267 “

253 1355 416 1412 esset
442 1346 702 1422 unicum,
731 1356 792 1410 et
818 1345 1234 1410 dulcissimum
1264 1344 1572 1420 solatium,
1602 1342 1738 1426 quis
1765 1350 1861 1406 est
1888 1341 2031 1426 quin
2061 1341 2387 1408 immortali
2413 1341 2605 1428 laudis
2762 1338 2767 1345 ’

250 1451 571 1535 praeconio
612 1468 738 1515 non
766 1469 801 1515 a
830 1450 959 1515 suis
987 1450 1175 1515 modo
1205 1449 1314 1514 sed
1342 1449 1418 1514 ab
1438 1448 1686 1524 exteris,
1736 1465 1932 1531 neque
1959 1466 1994 1512 a
2019 1445 2229 1524 nobis,
2281 1446 2386 1532 qui
2408 1446 2605 1532 ipsam

252 1554 536 1632 vidimus,
574 1555 681 1619 sed
713 1553 787 1619 ab
817 1553 933 1619 illis
965 1553 1363 1647 quoque,·qui
1392 1552 1536 1618 olim
1566 1553 1722 1617 rama
1750 1560 2151 1635 eognoseent,
2180 1551 2337 1617 hane
2360 1559 2423 1617 et
2448 1549 2605 1617 eele-
2638 1540 2643 1544 ’

251 1658 538 1724 brandam
568 1677 704 1723 esse
732 1668 792 1722 et
820 1657 1178 1724 celebratum
1204 1657 1277 1722 iri
1306 1652 1606 1723 fateatur?
1675 1654 1834 1720 Talia
1863 1654 2170 1739 quondam
2198 1654 2458 1720 maiores
2488 1672 2607 1720 no-

252 1763 360 1828 stri
387 1761 659 1827 admirati
687 1769 832 1827 sunt
859 1762 924 1827 in
950 1763 1065 1840 Ea,
1105 1762 1273 1828 euius
1303 1761 1633 1827 memoriae
1659 1778 1827 1825 saera
1855 1760 2194 1826 decennalia
2220 1760 2481 1826 masfino
2511 1759 2610 1825 die

211 1860 225 1874 “
250 1868 600 1942 universitas
627 1874 834 1931 nostra
861 1866 1240 1944 instaurabit,
1279 1866 1508 1940 ANNA,
1536 1865 1829 1929 Bootsut
1858 1882 1968 1928 xm
1998 1863 2144 1940 fllia,
2170 1864 2459 1930 Booism
2486 1881 2608 1941 m,

249 1969 445 2034 ultimi
473 1971 946 2036 pomeranorum
976 1970 1183 2048 Ducis,
1212 1988 1425 2036 sorore
1449 1988 1575 2034 nna
1605 1967 1955 2053 superstite,
1985 1975 2260 2033 mati-ona
2290 1966 2459 2033 omni
2483 1967 2607 2034 vir-

250 2082 446 2138 tutum
473 2091 692 2156 genere
723 2083 958 2153 ornata,
990 2094 1139 2158 quae
1166 2075 1259 2140 vel
1285 2074 1574 2157 privatam
1604 2071 2027 2137 commendare
2053 2071 2144 2136 vel
2170 2070 2506 2156 prinoipem
2532 2071 2610 2138 il·

251 2177 504 2243 lustrare
531 2187 808 2260 possunt,
854 2178 1155 2262 Nupserat
1182 2179 1329 2244 haee
1347 2178 1659 2253 Enussro,
1687 2176 1837 2241 Duei
1865 2176 1941 2240 de
1961 2174 2608 2260 Croya‘etAreseb‘otto

256 2290 368 2347 ete.
397 2281 461 2346 S.
485 2282 555 2346 R.
577 2282 622 2346 1.
647 2282 941 2366 Prineipi,
982 2283 1082 2366 qui
1124 2290 1498 2366 quumesset
1524 2280 1834 2348 Romanae
1860 2279 2139 2345 eeclesiae
2164 2279 2466 2358 addictus,
2502 2298 2608 2345 ex·

257 2385 405 2452 ortis
433 2385 636 2471 paullo
666 2395 803 2452 ante
830 2386 964 2451 belli
990 2384 1148 2453 illius
1177 2385 1571 2453 mnestissimi
1598 2384 1814 2463 initiis,
1856 2403 1980 2469 quo
2010 2402 2119 2468 per
2146 2383 2385 2469 triginta
2409 2401 2608 2451 annos

258 2491 570 2565 Germania
595 2492 843 2556 laeerata
872 2500 993 2570 est,
1022 2491 1404 2575 imperatoris
1432 2500 1495 2555 et
1522 2482 1949 2556 eutholieorum
1977 2498 2179 2573 partes
2207 2489 2563 2574 amplexus
2544 2508 2609 2554 in

258 2597 468 2662 eastris
496 2596 570 2661 ad
599 2596 1108 2681 oppenhemium
1114 2597 1418 2675 occubuit,
1460 2595 1749 2678 vigesimo
1787 2596 1909 2659 fere
1935 2602 1996 2658 et
2024 2593 2292 2659 semndo
2320 2603 2466 2678 post
2482 2613 2609 2660 nu·
2649 2669 2668 2691 ·
2724 2669 2733 2677 ,

255 2702 409 2785 ptias
435 2719 663 2766 mense.
750 2702 839 2766 lta
868 2702 1036 2767 Anna
1065 2721 1204 2767 oum
1233 2720 1359 2767 uno
1389 2700 1600 2776 filiolo,
1624 2699 1915 2764 Eanum
1945 2698 2278 2774 Bosmo,
2309 2698 2483 2763 vidua
2507 2717 2608 2764 re-

201 2836 212 2846 ·
253 2805 391 2871 lieta
442 2825 584 2870 mox
633 2790 789 2869 inter
837 2806 1187 2890 peregrinos
1242 2807 1341 2885 (in
1370 2802 1813 2886 Lotbaringiam
1852 2803 2011 2868 enim
2050 2821 2086 2867 a
2112 2802 2329 2867 marito
2359 2801 2611 2868 deducta

256 2911 415 2987 erat)
461 2915 523 2972 et
562 2907 864 2992 religionis
907 2908 1047 2974 odio
1101 2908 1214 2973 sibi
1258 2909 1529 2973 infensos
1571 2907 1737 2973 omni
1766 2907 2120 2972 iniuriarum
2147 2916 2210 2971 et
2234 2906 2612 2973 vexationum

256 3011 556 3096 gener-ise
583 3012 919 3097 expositam
957 3012 1119 3077 vidit.
1205 3012 1557 3078 Retinuerat
1583 3011 1763 3090 enim,
1790 3030 1980 3095 quum
2008 3011 2301 3076 Essene
2345 3010 2612 3088 nuberet,

257 3116 623 3199 evangelicae
664 3116 972 3198 religionis
1001 3135 1051 3195 ‘a
1093 3117 1421 3183 maioribus
1465 3125 1740 3199 aeeeptae
1767 3115 2019 3193 cultum,
2045 3115 2120 3180 ad
2149 3133 2406 3199 eumque
2431 3115 2611 3180 etiam

250 3220 474 3286 liberos
502 3239 658 3304 quos
687 3221 1024 3303 peperisset
1049 3220 1466 3286 informandos
1493 3221 1559 3285 in
1587 3219 1969 3304 sponsalibus
1998 3221 2319 3305 pepigerat.
2363 3219 2610 3285 Etcum
2649 3239 2720 3292 44

251 3325 470 3390 marito
500 3324 773 3408 quidem,
811 3323 950 3391 lieet
975 3323 1244 3390 diversae
1273 3334 1469 3390 sectae
1491 3323 1757 3401 addicto,
1785 3342 2002 3406 magna
2032 3342 2274 3408 semper
2302 3332 2364 3389 et
2387 3317 2611 3390 duleis·

254 3428 406 3493 sima
446 3428 785 3518 animorum
826 3429 1146 3494 eoncordia
1182 3430 1435 3511 vixerat,
1472 3429 1593 3492 hoe
1618 3435 1818 3492 autem
1848 3428 2127 3493 defuneto
2157 3428 2401 3513 cognati
2420 3429 2611 3495 fllium

251 3532 385 3597 eius
424 3542 484 3597 et
520 3532 582 3596 in
612 3531 949 3616 principatu
978 3532 1259 3597 heredem
1288 3532 1403 3596 illis
1431 3521 1868 3608 imbui'saeris,
1908 3551 2060 3615 quae
2087 3532 2431 3598 detestanda
2458 3532 2608 3617 ipsis
2692 3580 2696 3583 <

251 3646 314 3703 et
347 3637 549 3703 hostili
586 3638 727 3703 odio
766 3638 1175 3721 persequenda
1204 3638 1573 3713 viderentur,
1602 3636 1663 3700 id
1692 3635 1834 3701 vero
1864 3654 1991 3701 non
2012 3637 2333 3703 ‘ferendum
2358 3637 2612 3703 retine-

251 3760 371 3825 que
406 3740 706 3808 blanditiis
734 3761 931 3825 neque
956 3743 1138 3807 minis
1168 3749 1593 3826 pepereerunt,
1641 3759 1762 3824 quo
1793 3741 2004 3807 Annas
2030 3741 2299 3807 animum
2328 3760 2610 3807 suaevo-

127 3906 138 3915 .
219 3844 462 3911 rlentati
500 3845 928 3930 obsequentem
970 3848 1253 3912 facerent.
1339 3846 1460 3911 Sed
1498 3853 1660 3910 tanta
1689 3844 1804 3926 tuit
1828 3845 2095 3928 egregiae
2121 3852 2432 3911 mammo
2460 3839 2629 3912 οων

252 3950 498 4027 stantia,
527 3958 691 4014 tanta
719 3951 941 4035 pietas,
967 3960 1089 4015 tam
1119 3952 1332 4016 firmus
1359 3960 1640 4035 paternae
1666 3949 1971 4034 religionis
2007 3968 2206 4027 amor,
2242 3960 2312 4015 ut
2340 3951 2610 4034 quamvis

249 4053 444 4120 solam
474 4074 543 4119 se
568 4055 796 4121 videret
822 4065 999 4140 atque
1025 4056 1288 4140 inopem,
1318 4064 1380 4120 et
1405 4055 1683 4121 hostibus
1714 4054 1978 4137 undique
2006 4054 2610 4132 dreumdatam,·illos

250 4167 450 4225 autem
501 4158 726 4224 multos
763 4170 824 4224 et
859 4168 1136 4244 potentes
1166 4171 1227 4226 et
1255 4162 1420 4227 omni
1457 4161 1530 4226 ad
1569 4159 1912 4252 nocendum
1954 4159 2231 4224 facultate
2266 4159 2610 4224 instructis-
2734 4243 2744 4250 .

252 4263 446 4328 simos
464 4311 480 4340 ‚
523 4282 831 4347 nunquam
869 4272 1069 4330 tamen
1098 4267 1467 4350 frangeretur
1491 4284 1609 4331 nee
1634 4265 1962 4349 quidquam
1992 4264 2320 4329 eoneedere
2347 4263 2610 4342 sustine,-
