3102 4866
32 628 35 637 4

34 726 35 737 1

289 519 382 586 his
401 529 636 588 tantum
661 521 897 589 duobus
925 523 1202 589 versibus
1233 525 1587 601 continetur,
1615 522 1884 607 quisunt
1907 520 2050 588 169.
2078 521 2223 599 170,
2253 520 2359 587 sed
2375 521 2638 606 pertinet

293 622 484 711 usque
511 626 587 691 ad
615 646 670 691 v.
706 628 849 694 174.
934 629 1142 713 ltaque
1186 631 1252 695 in
1300 628 1597 713 principio
1648 626 1862 691 scholii
1896 643 2025 693 non
2059 623 2300 694 τοῦτον
2339 619 2460 693 καὶ
2493 620 2637 709 τὼ·

284 722 460 819 ἑξῆς,
511 730 617 797 sed
645 728 882 797 τοῦτον
920 728 1041 799 καὶ
1080 729 1257 813 τοὺς
1299 725 1449 822 ἑξῆς
1498 730 1892 797 scribendum
1926 741 2037 797 est.
2123 732 2195 797 ln
2241 731 2393 815 ipsis
2434 741 2632 797 autam

279 836 773 921 poetaeversibus
783 839 1403 923 nonpotestdubiufi,
1426 837 1572 923 quin
1593 845 1754 902 recte
1779 855 1815 901 a
1843 837 2277 904 recentioribus
2301 835 2632 901 editoribus
2675 878 2682 885 -

277 942 580 1024 plerisque
616 932 1046 1026 ἐμβασιλεύει
1080 943 1371 1028 scriptum
1408 943 1488 1009 sit
1523 961 1636 1027 pro
1675 934 1777 1019 eo,
1818 942 1980 1024 quod
2009 943 2071 1006 iu
2102 941 2406 1007 codicibus
2431 947 2634 1006 extare

244 1094 249 1099 .
276 1046 491 1110 dicitur
522 1038 1079 1131 bussoeollevc²⁸).‘
1148 1047 1332 1127 Nam,
1374 1046 1493 1113 nisi
1536 1046 1672 1129 quis
1700 1046 1855 1110 forte
1882 1053 2077 1109 totum
2102 1046 2268 1109 hunc
2293 1062 2531 1108 versum
2561 1050 2632 1108 ut
2665 1041 2731 1097 ¹⁷
2787 1047 2796 1057 '

278 1150 600 1217 insiticium
631 1150 838 1226 eiiciat,
866 1183 953 1198 —-
981 1160 1041 1215 et
1070 1152 1240 1216 abest
1268 1171 1412 1217 eane
1441 1171 1474 1216 a
1498 1149 1803 1217 codicibus
1833 1168 1957 1215 non
1986 1150 2215 1234 paucis,
2235 1186 2322 1200 -—
2342 1171 2630 1235 praesens

278 1258 440 1321 verbi
471 1265 727 1340 tempus,
737 1274 873 1321 nou
895 1257 1285 1340 praeteritum
1313 1277 1414 1321 res
1442 1259 1575 1340 ipsa
1604 1256 1841 1339 flagitat.
1901 1256 2078 1333 Quod
2107 1254 2267 1321 euim
2288 1256 2631 1341 Lennepius

282 1364 513 1441 obiicit,
553 1364 879 1428 Saturnum
908 1363 972 1426 in
1008 1363 1319 1428 beatorum
1363 1362 1578 1427 insulis
1606 1371 1952 1445 regnantem
1982 1361 2249 1443 quamvis
2288 1360 2383 1426 alii
2415 1371 2633 1446 poetae

276 1475 642 1541 memorent,
684 1474 842 1530 certe
879 1465 1143 1531 Hesiodo
1195 1466 1473 1550 ignotum
1510 1485 1674 1542 esse,
1712 1466 1935 1550 quippe
1971 1467 2076 1550 qui
2112 1466 2333 1531 diserte
2370 1466 2631 1552 Saturno

278 1590 413 1636 cum
460 1571 769 1637 Titanibus
801 1571 942 1636 caeli
992 1570 1245 1654 imperio
1299 1571 1541 1636 deiectis
1593 1571 1797 1636 sedem
1846 1571 2074 1637 tribuat
2131 1570 2196 1637 in
2238 1571 2630 1637 tenehn‘cosis

276 1675 508 1740 Tartari
559 1677 850 1751 cavernis,
907 1662 1135 1758 Theog.
1186 1694 1241 1740 v.
1297 1674 1423 1739 729
1480 1694 1616 1758 sqq.
1679 1674 1803 1740 813
1863 1695 1996 1759 sqq.
2057 1675 2185 1742 850
2235 1680 2400 1759 sqq:
2449 1677 2629 1742 huius

272 1782 605 1866 argumenti
641 1781 732 1845 vis
774 1780 933 1846 nulla
971 1800 1108 1845 esse
1145 1789 1375 1865 potest,
1405 1780 1523 1844 nisi
1551 1779 1710 1862 apud
1740 1799 1866 1857 cos,
1895 1780 2113 1864 quibus
2141 1801 2499 1865 persuasum
2529 1781 2627 1859 sit,

273 1886 541 1951 eiusdem
600 1894 812 1969 poetae
862 1895 923 1951 et
975 1885 1383 1969 Theogoniam
1435 1893 1494 1949 et
1544 1885 1664 1949 hoc
1714 1885 1789 1948 (le
1839 1885 2129 1950 aetatibus
2161 1904 2423 1952 carmen
2473 1906 2626 1952 esse·

270 1992 604 2056 Fatendum
633 2001 729 2058 est
754 2002 970 2067 autem,
997 2000 1239 2074 recepto
1268 1993 1569 2075 praesenti
1606 1983 2040 2074 ἐμβασιλεύει
2081 1991 2280 2075 paullo
2316 1991 2627 2057 duriorem

254 2082 404 2160 ‘esse
443 2082 732 2161 orationis
769 2105 1162 2171 structuram,
1201 2114 1387 2178 quum
1414 2092 1764 2177 'pronomen
1803 2092 1988 2159 τοῖσι
2022 2111 2148 2158 non
2179 2094 2255 2159 ad
2283 2096 2626 2179 proximum

268 2187 662 2275 ἅθάνάτων,
716 2200 822 2265 sed
883 2201 959 2264 ad
1010 2217 1118 2263 eos
1169 2198 1544 2263 referendum
1599 2199 1703 2273 sit,
1754 2198 1854 2280 qui
1905 2206 2044 2262 ante
2082 2199 2396 2265 memorati
2438 2208 2628 2275 crant,

270 2304 552 2369 heroicae
601 2305 818 2369 aetatis·
860 2304 1156 2368 homines.
1246 2302 1708 2367 Concedendum
1759 2311 1852 2366 est
1901 2302 2105 2384 igitur,
2156 2304 2318 2385 quod
2362 2305 2627 2388 Heyerus

267 2408 421 2473 dixit
441 2428 502 2492 p.
535 2409 638 2485 25,
666 2408 876 2474 melius
916 2416 1154 2493 poetam
1188 2407 1554 2491 scripturum
1586 2408 1774 2473 finisse
1799 2406 1953 2485 τοῖς
1995 2401 2072 2473 δὲ
2112 2401 2373 2494 Κρόνος
2414 2402 2629 2494 ἔμβα-

266 2505 538 2577 σαλεύει.
631 2513 746 2577 Sed
777 2513 958 2578 multa
990 2512 1223 2577 suntin
1252 2511 1346 2575 his
1375 2511 1715 2586 Hesiodeis‚
1754 2530 1906 2594 quae
1933 2512 2100 2576 aliter
2135 2514 2360 2597 scripta
2399 2515 2626 2593 malles,

265 2632 461 2697 neque
481 2624 683 2680 tamen
712 2625 1027 2700 propterea
1050 2616 1155 2683 sic.
1182 2624 1250 2680 ut
1271 2623 1430 2690 sunt,
1459 2615 1640 2680 scribi
1663 2634 1697 2679 a
1717 2615 1915 2698 poetis
1938 2635 2064 2681 non
2087 2618 2332 2700 optimis
2354 2620 2628 2702 potuisse
2649 2634 2663 2648 ·

264 2735 464 2801 neges.
524 2719 674 2783 Nam
705 2721 869 2803 quod
899 2721 1057 2785 idem
1086 2720 1351 2785 Hevems
1381 2720 1454 2783 ad
1478 2720 1889 2803 imperfectum
1919 2713 2319 2805 ἐμβασίλευε
2335 2724 2623 2789 tuendum

265 2822 766 2910 comminiscitur,
805 2823 1006 2887 sedem
1046 2823 1332 2888 heroibus
1378 2823 1441 2888 in
1480 2824 1699 2888 fluibus
1743 2825 1986 2907 quidem
2025 2835 2217 2891 terrae
2264 2829 2623 2910 assignatam

126 2955 134 2962 ·
265 2945 426 3002 esse,
469 2926 574 2990 sed
620 2927 799 3008 louge
834 2936 1036 2991 tamen
1074 2935 1370 2991 remotam
1416 2946 1449 2991 a
1488 2927 1831 3003 Titanibus,
1883 2947 2144 3011 quorum
2186 2931 2480 2997 Saturnus
2517 2952 2623 2998 rex

263 3030 464 3106 ruerit,
514 3029 690 3112 idque
740 3029 985 3095 indicari
1021 3029 1217 3095 verbis
1267 3020 1472 3118 τηλοῦ
1515 3022 1647 3096 ἀπ’
1689 3022 2072 3110 ἀθανάτων,
2108 3034 2327 3100 τοῖσιν
2365 3028 2627 3182 Κρόνος

260 3124 679 3217 ἐμβασίλευε,
722 3134 843 3198 hoc
872 3133 1110 3216 quidem
1140 3135 1396 3199 refutare
1422 3153 1551 3200 non
1583 3155 1740 3218 opus
1770 3134 1882 3202 est'.
2419 3160 2426 3166 ·

435 3236 719 3319 Sequitur
749 3225 932 3314 αἶνος
961 3256 1070 3301 seu
1108 3238 1313 3304 fabella
1342 3239 1420 3303 (le
1447 3241 1729 3323 accipitre
1768 3250 1829 3305 et
1852 3241 2130 3317 luscinia,
2173 3263 2225 3307 v·
2255 3191 2621 3321 202-212,

264 3340 336 3404 ad
370 3360 549 3424 quem
579 3340 778 3405 locum
808 3349 1180 3404 memoratur
1214 3340 1278 3404 in
1308 3341 1557 3407 scholiis
1587 3343 1915 3409 Aristarchi
1952 3346 2210 3411 notatio:
2248 3342 2504 3415 τούτων
2546 3345 2624 3414 δὲ

257 3438 390 3507 τῶν
433 3432 679 3523 στίχων
722 3434 762 3506 ὁ
789 3432 1226 3529 Ἀρίσταρχος
1268 3434 1563 3528 όβελίζει
1604 3443 1763 3525 τούς·
1786 3441 2227 3527 τελευταίους,
2274 3441 2370 3530 ὥς
2395 3441 2620 3539 amm»

257 3542 700 3633 γνωμολογεῖν
737 3536 859 3610 οὐκ
904 3535 987 3611 ἂν
1016 3543 1369 3635 προοῆκοι.
1427 3548 1661 3634 Nempe
1683 3551 2071 3636 vituperabat,
2099 3554 2363 3638 accipitri
2385 3567 2625 3640 praeter

254 3649 587 3725 ea'‚verha
648 3650 867 3733 quihus
928 3650 1351 3715 lamentantem
1411 3652 1723 3719 lusciniam
1772 3655 2067 3741 increpat,
2118 3659 2292 3724 etiam
2346 3661 2620 3743 generale

249 3764 637 3840 praeceptum
668 3754 873 3832 tribui,
911 3775 1145 3844 αφρων
1189 3745 1254 3819 δ’
1300 3747 1378 3832 ὅς
1420 3747 1476 3820 κ’
1488 3749 1733 3845 ἐθέλῃ
1777 3755 1958 3846 πρὸς
1999 3754 2392 3847 κρείσσονας
2433 3753 2622 3831 ἄντι-

249 3849 577 3947 ‹pepigen-
654 3852 841 3945 νίκης
889 3877 965 3922 τε
1014 3848 1323 3941 στέρεται
1384 3852 1561 3943 πρός
1610 3850 1667 3923 τ’
1721 3852 2030 3946 αἴσχεσιν
2089 3855 2295 3951 ι’ίλγεα
2346 3860 2619 3949 πάσχει,

245 3969 456 4046 utpote
483 3961 575 4026 vel
604 3960 932 4026 abhorrens
963 3978 998 4023 a
1024 3958 1248 4024 bestiae
1276 3959 1513 4042 ingenio
1556 3962 1645 4026 vel
1684 3972 1842 4029 certe
1876 3967 1940 4031 in
1970 3968 2128 4034 hauc
2154 3970 2439 4036 lusciniae
2477 3989 2616 4037 cau·

380 4221 470 4287 26)
507 4219 738 4275 Praeivit
760 4224 1045 4278 emendatio
1014 4240 1159 4279 ouem
1184 4167 1466 4292 Gracviut,
1490 4226 1659 4281 Leett.
1684 4228 1891 4283 Heaied.
1919 4248 1965 4284 c.
1991 4233 2041 4284 5.
2067 4248 2118 4301 p.
2143 4233 2246 4288 528
2271 4234 2495 4304 Luem„
2518 4239 2613 4294 ad-

242 4315 487 4377 optarunt
507 4306 856 4377 Seu-evetius,
882 4309 1156 4379 Κακία,
1179 4312 1530 4380 Buttmanuus,
1557 4309 1923 4384 Gocttliugius,
1947 4316 2195 4374 Lehrsiua
2209 4328 2446 4394 uterque,
2468 4321 2618 4379 Voll-

239 4393 471 4462 behrius,
496 4400 555 4450 et
577 4393 667 4448 alii
691 4394 921 4451 fortasse
947 4398 1142 4469 plures,
1166 4398 1230 4451 «le
1255 4398 1435 4468 quibus
1459 4399 1710 4470 quaerere
1735 4418 1870 4457 nuuc
1890 4420 1991 4458 uon
2013 4413 2182 4460 vacat.
