3102 4866
448 510 771 594 superiore
794 507 987 575 tabula
1019 507 1096 574 de
1122 507 1400 574 Pandora
1430 510 1728 576 conciliari
1756 511 1911 575 nulla
1941 497 2084 575 sana
2105 511 2334 575 ratione
2356 509 2692 596 possitss).
2737 508 2806 575 ln

444 614 610 681 hunc
649 633 768 681 una
808 622 1179 679 memoratur
1219 623 1485 680 veterum
1529 615 1871 680 criticorum
1898 615 2126 678 notatio
2145 661 2162 689 ,
2203 615 2275 678 ad
2306 635 2360 680 v.
2395 616 2548 691 169,
2584 614 2686 679 ubi
2732 615 2806 678 de

448 728 693 803 quartae
722 719 849 783 sive
876 717 1150 782 heroicae
1172 719 1377 784 aetatis
1400 728 1566 783 sorte
1592 719 1928 802 exponitur.
2014 717 2312 782 Heroibus
2341 720 2528 796 enim,
2565 728 2805 803 postea·

444 823 753 909 qnamalii
784 822 943 905 apud
975 822 1212 887 Thebas
1241 822 1335 886 alii
1367 824 1525 907 apud
1557 823 1801 887 Troiam
1825 822 2100 899 obierint,
2129 823 2334 888 sedem
2376 823 2586 888 a'Iove
2610 824 2804 906 assi&

443 936 644 993 natam
674 947 817 992 esse
846 926 911 991 in
938 927 1223 991 extremis
1255 926 1418 991 orbis
1444 939 1742 992 terrarum
1774 927 2013 1005 finibus,

516 1070 523 1075 -
577 1030 722 1099 169.
812 1025 1018 1119 τηλοῦ
1060 1021 1191 1095 ἀπ’
1235 1020 1628 1097 ἀθανάτων·
1669 1032 1854 1098 τοῖσι
1897 1025 2161 1114 Κρόνος
2201 1024 2631 1116 ἐμβασιλύει·

579 1135 722 1200 170.
756 1174 763 1181 ·
820 1131 942 1200 καὶ
981 1129 1091 1201 τοὶ
1132 1130 1255 1217 μὲν
1293 1128 1600 1201 ναίουσιν
1643 1126 1903 1225 α’κηδέα
1945 1131 2173 1219 θυμὸν
2214 1127 2473 1216 ἔχοντες

576 1239 720 1303 171.
812 1233 885 1304 ἐν
926 1233 1248 1323 μακάρων
1287 1233 1560 1325 νήσοισι
1607 1231 1768 1327 παρ’
1807 1230 2120 1304 Ὠκεανὸν
2158 1232 2567 1326 βαθυδίνην,

522 1382 528 1389 -
578 1342 724 1407 172.
813 1333 1048 1427 ὄλβιοι
1090 1334 1322 1431 ἥρωες,
1365 1344 1585 1409 τοῖσιν
1623 1338 1951 1433 μελιηδέα
1992 1339 2259 1429 καρπὸν

567 1445 723 1522 173.
809 1440 958 1533 τρὶς
998 1437 1182 1524 ἔτεος
1221 1439 1569 1512 θάλλοντα
1611 1437 1803 1535 φέρει
1851 1442 2168 1534 ζείδωρος
2197 1436 2481 1535 -ἶίρουρα,

451 1545 708 1616 Τοῦτον
735 1543 853 1615 καὶ
882 1544 1002 1615 τὸν
1029 1541 1199 1639 ἑξῆς,
1245 1551 1329 1614 ait
1356 1550 1607 1615 Procius
1636 1552 1709 1616 ad
1738 1572 1793 1615 v.
1823 1551 1966 1628 169,
1998 1544 2091 1630 ὥς
2118 1545 2597 1639 φληναφιόδεις
2625 1546 2806 1631 ἔξοι-

292 1655 297 1661 ’
441 1646 706 1733 κίζουσι
757 1651 892 1719 τῶν
925 1646 1260 1720 Ἡσιόδου
1302 1649 1391 1720 τά
1431 1675 1507 1720 τε
1554 1646 1728 1720 ἄλλα
1769 1648 2233 1744 φαυλίζοντες,
2279 1649 2396 1720 καὶ
2436 1651 2519 1719 τὸ
2561 1649 2806 1720 ἔνθου·
2913 1719 2920 1725 .

440 1754 797 1825 σιαστικδν
847 1755 968 1847 τῆς
1021 1752 1337 1846 εἰσβολῆς
1384 1756 1522 1824 τῶν
1562 1752 1713 1841 μετ’
1758 1750 2000 1837 αὐτοὺς
2044 1751 2289 1841 στίχων
2332 1748 2651 1846 α’φαιρεῖν
2691 1753 2804 1824 λέ-

342 1871 407 1926 16
443 1880 686 1948 yones.
777 1863 1043 1928 Fuerunt
1094 1862 1301 1947 igitur,
1354 1864 1454 1946 qui
1506 1864 1744 1928 inanem
1787 1862 2086 1947 quandam
2136 1861 2552 1943 loquacitatem
2591 1862 2655 1925 in
2705 1862 2824 1926 his.

438 1966 708 2033 versibus
730 1986 866 2032 esse
889 1966 1365 2041 criminarentur,
1396 1986 1612 2050 parum
1638 1966 2150 2032 accommodatam
2174 1965 2595 2030 vehementiori
2618 1966 2802 2031 animi
2909 1990 2924 2011 ·

359 2073 369 2081 ‘
440 2070 854 2148 commotioni,
887 2090 1067 2155 quam
1096 2073 1422 2153 proderent
1451 2091 1595 2136 mox
1625 2089 1830 2135 versus
1863 2071 2003 2133 174.
2036 2070 2097 2145 5,
2127 2069 2229 2134 ubi
2260 2079 2436 2154 poeta
2466 2090 2534 2134 se
2564 2070 2803 2153 quintae

276 2190 282 2195 ’
412 2161 667 2252 aetatis,
698 2194 815 2258 qua
844 2175 975 2287 ipse
1001 2175 1173 2255 vivat,
1209 2185 1372 2239 tanto
1399 2176 1591 2240 taedio
1614 2176 1889 2240 affectum
1921 2193 2056 2237 esse
2084 2175 2385 2250 exclamat,
2429 2183 2495 2239 ut
2522 2183 2623 2239 aut
2666 2184 2804 2240 ante

440 2298 572 2343 eam
603 2277 909 2356 mortuus,
937 2287 1039 2345 aut
1067 2290 1277 2363 postea
1307 2279 1547 2343 demmn
1580 2267 1918 2343 nasciturus
1950 2295 2085 2341 esse
2129 2277 2313 2341 malit.
2403 2277 2570 2354 Quae
2600 2288 2803 2343 autem

439 2400 629 2467 porro
658 2383 821 2467 apud
850 2382 1131 2448 Proclum
1163 2382 1470 2466 leguntur.
1515 2403 1611 2461 ως
1639 2401 1762 2468 γαρ
1804 2370 2221 2468 ἀποβλέψας
2247 2372 2345 2460 εἷς
2385 2375 2468 2446 τὸ
2499 2373 2652 2446 κατ’
2681 2374 2803 2472 αὖ·

435 2482 554 2551 τὸν
593 2482 730 2551 τῶν
773 2477 1162 2575 ἀνθρώπων
1203 2480 1387 2572 γένος
1426 2481 1602 2635 μετα
1642 2481 1761 2574 τὴν
1804 2479 2156 2573 ἐξύμνησιν
2182 2483 2305 2573 τῆς
2329 2488 2466 2551 τῶν
2489 2478 2804 2575 ἡμιθέων

435 2583 691 2679 λήξεως
732 2583 1010 2677 ἐπάγει·
1270 2633 1282 2645 ·

529 2694 674 2759 174.
759 2685 996 2781 μηκέτ’
1039 2685 1260 2761 ἔπειτ’
1304 2628 1600 2783 ωφειλον
1642 2688 1774 2780 ἐγώ
1817 2626 2204 2778 πέμπτοισι
2244 2695 2562 2777 μετεῖναι,

530 2798 675 2863 175.
763 2789 1103 2884 ἅνδρᾷσιν,
1152 2788 1302 2862 ἀλλ’
1341 2786 1395 2886 ἢ
1433 2792 1711 2885 πρόσθε
1752 2799 1993 2864 θανεῖν
2033 2819 2075 2886 η
2122 2788 2367 2863 ἔπειτα
2409 2792 2752 2883 γενέσθαι.
2787 2859 2792 2863 ,

436 2900 588 2967 haec
615 2901 705 2967 sic
732 2920 860 2967 non
888 2910 1048 2967 recte
1080 2902 1376 2985 superiori
1407 2903 1780 2968 annotationi
1811 2901 2123 2967 subiuncta
2146 2921 2283 2966 esse
2311 2911 2573 2985 apparet.
2641 2902 2795 2967 Nam

383 3008 390 3016 '
437 3015 688 3091 propter
710 3006 1009 3072 causalem
1033 3006 1515 3071 coniunctionem
1546 2999 1674 3092 γάρ
1702 3015 2083 3089 expectamus
2108 3006 2399 3070 rationem
2425 3005 2552 3070 eius
2577 3005 2794 3086 iudicii,

436 3111 601 3193 quod
649 3110 730 3176 ibi
781 3120 1317 3176 commemoratum
1358 3119 1481 3187 est,
1532 3111 1775 3175 allatum
1823 3111 1928 3187 ἱεὶς
1978 3111 2041 3175 id
2086 3118 2287 3174 autem
2329 3128 2454 3174 non
2492 3109 2649 3186 fleri,
2687 3111 2794 3175 sed

436 3214 667 3298 opponi
699 3215 899 3297 potius
911 3214 1129 3298 aliquid
1141 3215 1434 3290 videmus,
1471 3233 1593 3298 quo
1624 3222 1801 3298 poeta
1831 3224 2040 3280 contra
2068 3214 2310 3296 iniquos
2328 3213 2553 3278 iudices
2584 3214 2792 3279 defen-

435 3318 638 3383 datur:
688 3318 847 3382 hanc
887 3317 1114 3401 ipsam,
1168 3337 1346 3400 quam
1392 3316 1472 3382 illi
1520 3318 2003 3394 criminarentur,
2052 3317 2551 3399 praedicationem
2592 3318 2795 3383 beatae

358 3453 362 3458 ·
434 3421 617 3510 sortis
639 3421 891 3486 heroum
924 3416 1069 3507 (τήν
1110 3412 1465 3507 ἐξύμνησιν
1491 3416 1615 3506 τῆς
1637 3416 1773 3484 τῶν
1802 3412 2119 3507 ἡμιθέων
2144 3417 2433 3508 λήξεως),
2455 3421 2793 3505 horumque

435 3523 841 3589 conditionem
889 3533 1012 3589 tam
1052 3522 1346 3586 diversam
1390 3523 1463 3587 ab
1517 3523 1613 3587 sui
1664 3514 1956 3606 temporis
1997 3524 2235 3588 miseria
2274 3533 2487 3607 poetae
2525 3526 2790 3590 animum

433 3628 845 3693 vehementius
876 3625 1306 3702 commovisse,
1341 3625 1500 3690 utin
1529 3627 1677 3691 haec
1706 3626 1881 3690 verba
1918 3638 2284 3711 erumperet,
2310 3620 2537 3716 μηκέτ’
2580 3616 2794 3694 ἔπειτ’

432 3723 739 3823 ὄφειλον,
770 3740 830 3796 et
858 3749 1010 3814 quae
1046 3737 1398 3812 sequuntur.
1483 3728 1859 3792 Manifestum
1888 3738 1982 3794 est
2017 3730 2197 3814 igitur
2236 3732 2297 3796 in
2328 3733 2525 3798 Procli
2561 3733 2790 3798 scholio

429 3847 576 3924 post
602 3843 1137 3902 commemoratum
1170 3833 1423 3897 aliorum
1453 3831 1735 3896 iudicium
1765 3832 1984 3915 aliquid
2012 3834 2323 3913 excidisse,
2355 3856 2476 3921 quo
2507 3836 2621 3901 sihi
2649 3836 2792 3901 illud

430 3939 763 4026 improbari
790 3939 1168 4022 significaret,
1196 3937 1383 4001 velut:
1442 3925 1587 4001 ἀλλ’
1632 3927 1751 4000 οὐκ
1796 3926 2026 4021 ὀρθῶς
2067 3929 2534 4028 ὑπειλήφασιν
2559 3940 2648 4030 vel
2675 3939 2789 4003 tale

430 4045 593 4130 quid.
682 4045 791 4109 Est
817 4050 1015 4108 autem
1048 4041 1159 4106 alia
1187 4040 1438 4124 insuper
1469 4037 1803 4122 corruptela
1834 4040 2108 4107 tollenda.
2180 4043 2410 4129 Nempe
2440 4037 2793 4130 ἐξύμνησις

428 4151 552 4227 illa,
596 4167 775 4232 quam
813 4145 1088 4212 nonnulli
1128 4152 1199 4209 ut
1226 4144 1406 4208 nimis
1436 4144 1746 4227 loquacem
1788 4142 1969 4208 deleri
1998 4146 2290 4222 volebant,
2322 4149 2782 4231 haudquaquam
2909 4155 2912 4158 ‘

570 4374 657 4441 25)
695 4372 839 4430 conf.
863 4373 1081 4438 diade
1105 4380 1264 4428 aetat.
1287 4389 1403 4444 gea.
1433 4374 1567 4427 Ιιιιιι.
1594 4389 1644 4445 p.
1673 4372 1756 4426 12.
1805 4371 2012 4444 (Opnae.
2035 4373 2098 4430 Π.
2121 4394 2170 4448 p,
2195 4375 2335 4444 317.)
