3102 4866
1606 331 1711 401 ΒΞ·

460 510 525 584 'is
548 507 951 608 ’μουνογενής
976 520 1109 597 erit,
1138 519 1430 615 quoniam
1454 519 1625 585 solus
1653 529 1778 598 est,
1813 519 1987 585 idem.
2010 526 2211 584 autem
2249 512 2506 602 ἔτερος,
2545 528 2822 603 respectu

467 625 679 706 patris,
706 624 771 689 in
801 626 971 690 cuim
999 625 1203 689 locum
1232 643 1626 690 successurus
1654 635 1776 703 est,
1806 625 1954 690 alter
1993 624 2214 689 domus
2252 642 2597 708 possessor.
2682 624 2821 689 Non

467 727 767 811 displicuit
792 728 940 792 haec
966 729 1375 812 interpretatio
1406 728 1641 794 Rankio
1671 750 1733 815 p.
1763 730 1868 808 24,
1898 749 2013 795 nec
2042 728 2343 812 discrepat
2368 728 2442 793 ab
2470 747 2540 792 ea
2559 728 2821 794 Doeder-

461 830 642 906 linus,
671 831 751 896 de
775 851 897 916 quo
925 831 1305 897 Her-mannus
1335 833 1484 898 dixit
1511 834 1576 897 in
1608 833 1835 899 diurnis
1856 832 2206 917 antiquariis
2228 851 2367 897 ann.
2397 831 2566 897 1836
2587 852 2649 916 p.
2673 831 2819 897 532.
2885 837 2892 842 ’

459 935 607 999 mhi
641 937 817 1000 talem
856 938 1216 1002 sententiam
1254 957 1333 1002 ne
1370 938 1671 1022 pessimus
1712 937 1954 1021 quidem
1997 946 2058 1001 et
2099 936 2599 1002 indiam-tissimus
2641 944 2822 1019 poeta

462 1039 555 1103 sic
602 1039 832 1105 videtur
878 1060 1272 1125 expressurus
1317 1043 1533 1122 tuisse,
1586 1042 1855 1126 nihilque
1902 1050 2128 1106 restare
2164 1050 2314 1126 puto
2333 1087 2350 1118 ,
2402 1039 2522 1104 nisi
2561 1047 2632 1104 ut
2682 1058 2821 1103 cum

460 1144 756 1210 veteribus
797 1146 1014 1212 aiticis
1051 1148 1214 1229 huuc
1253 1167 1489 1213 versum
1529 1148 1595 1211 in
1632 1147 1753 1211 hoc
1802 1146 2039 1228 quidem
2085 1153 2363 1211 contextu
2414 1134 2822 1228 ἀδιανόητον

458 1268 595 1313 esse
624 1249 931 1316 fateamur.
973 1287 1064 1300 —
1110 1252 1232 1317 Sed
1262 1262 1357 1317 est
1381 1260 1684 1337 praeterea
1711 1248 2115 1314 memorabilis
2159 1249 2447 1333 quaedam
2489 1247 2819 1331 scripturae

461 1352 769 1418 diversitas
799 1354 863 1419 in
892 1374 1072 1420 versu
1101 1356 1318 1439 primo,
1346 1373 1533 1439 quum
1563 1353 1625 1417 in
1653 1353 1949 1436 plerisque
1977 1350 2281 1416 codicibus
2308 1352 2464 1416 sicut
2489 1351 2557 1416 in
2597 1350 2817 1416 editio·

458 1455 641 1522 nibm
663 1465 799 1521 ante
826 1456 1305 1524 Gaisrordianam
1335 1458 1619 1523 omnibus
1657 1474 1781 1522 nou
1824 1449 1931 1544 εἴη
1974 1456 2268 1538 scriptum
2312 1456 2416 1533 sit,
2444 1457 2549 1521 sed
2579 1449 2813 1536 σώζοι.

459 1560 589 1625 Ηοο
619 1560 1012 1645 Goettlingius
1041 1562 1118 1626 ab
1148 1562 1223 1627 iis
1249 1562 1589 1644 profectum
1616 1579 1756 1625 esse
1782 1558 2002 1637 statuit,
2032 1560 2134 1642 qui
2155 1559 2456 1625 brevitatis
2484 1578 2663 1626 causa
2684 1578 2812 1625 uno

455 1684 636 1733 versu
664 1685 843 1751 quam
873 1664 1109 1729 duobus
1139 1665 1215 1729 de
1242 1664 1447 1729 eadem
1476 1683 1544 1728 re
1572 1663 1660 1728 uti
1690 1663 1952 1727 mallent:
1981 1662 2130 1726 mihi
2159 1661 2531 1745 probabilius
2561 1663 2810 1742 videtur,

456 1761 564 1858 εἴη
594 1790 707 1854 pro
736 1764 945 1850 σώζοι
970 1770 1047 1834 ab
1078 1769 1275 1851 aliquo
1304 1769 1734 1852 interpolatore
1763 1768 2057 1850 scriptum
2085 1786 2237 1841 esse,
2269 1766 2370 1850 qui
2391 1775 2606 1850 poetae
2632 1765 2810 1831 verba

456 1874 520 1937 in
577 1873 751 1938 aliam
811 1872 1164 1938 sententiam
1222 1874 1619 1956 detorqueret.
1716 1872 1899 1937 Poeta
1954 1873 2074 1937 hoc
2129 1871 2304 1936 dixit:
2371 1889 2564 1936 unum
2619 1870 2810 1936 filium

318 1989 326 1997 ·
455 1977 786 2060 optandum
815 1995 951 2042 esse
993 1976 1068 2040 ad
1108 1977 1576 2041 conservandam
1615 1976 1865 2039 domum
1894 1975 2145 2057 patriam
2178 1994 2230 2038 s.
2260 1975 2544 2058 stirpem,
2584 1974 2812 2039 sdlieet

454 2097 533 2144 ne
558 2099 628 2145 ea
664 2080 957 2145 interiret:
992 2080 1056 2144 id
1094 2079 1255 2144 enim
1300 2078 1594 2161 significat
1637 2072 1876 2157 σώζειν
1913 2073 2030 2143 τὸν
2073 2066 2288 2158 οἶκον,
2333 2086 2393 2143 et
2428 2079 2668 2143 interire
2696 2080 2810 2144 ali-

452 2202 632 2267 quam
671 2184 919 2248 domum
959 2181 1123 2247 nullo
1164 2182 1383 2246 herede
1430 2170 1635 2246 relicto
1687 2181 1751 2245 in
1802 2181 2077 2246 maximis
2128 2179 2315 2247 malis'
2355 2183 2622 2248 h'abitum
2671 2202 2809 2248 esse

453 2296 709 2352 constat.
767 2287 872 2351 Un
890 2306 1001 2351 um
1031 2295 1232 2351 autem
1253 2286 1439 2351 fllium
1461 2286 1625 2363 dixit,
1653 2287 1939 2370 quoniam
1958 2286 2031 2350 ad
2056 2287 2524 2352 conservandam
2554 2287 2807 2352 domum

450 2390 718 2475 pluribus
748 2380 874 2456 non
904 2408 1059 2473 opus
1088 2399 1195 2468 est,
1222 2390 1411 2455 immo
1439 2398 1706 2473 praestat
1735 2407 1922 2455 unum
1951 2408 2104 2465 esse,
2133 2408 2211 2456 ne
2240 2390 2402 2456 bona
2431 2391 2586 2456 inter
2604 2391 2806 2476 phu-es

449 2494 636 2560 divisa
664 2494 1027 2560 minuantur.
1115 2494 1435 2559 Proximos
1463 2503 1663 2558 autem
1701 2493 1857 2559 duos
1885 2512 2128 2572 versus,
2155 2492 2280 2558 377
2320 2507 2382 2559 et
2426 2493 2583 2572 378,
2631 2504 2702 2560 ut
2739 2496 2807 2560 in

450 2598 811 2683 quibusdam
864 2600 1005 2664 olim
1057 2600 1494 2683 exemplaribus
1542 2617 1671 2663 non
1719 2599 1907 2665 lectos
1951 2617 2087 2663 esse
2132 2599 2397 2676 medam,
2447 2598 2804 2664 scholiastae

413 2765 417 2769 .
446 2702 641 2768 verbis
670 2702 957 2779 adducor,
986 2703 1106 2787 qui,
1135 2713 1528 2787 posteaquam
1550 2722 1790 2769 versum
1811 2703 2094 2788 primum,
2124 2703 2198 2768 de
2215 2722 2340 2768 uno
2363 2703 2487 2768 filio
2521 2704 2806 2788 optando,

447 2807 885 2872 criminandum
915 2807 1097 2872 videri
1127 2826 1312 2890 posse
1339 2808 1521 2883 dixit,
1565 2817 1634 2871 ut
1659 2809 1950 2890 scriptum
1979 2809 2056 2872 ab
2082 2807 2448 2890 indignante,
2479 2809 2644 2892 quod
2672 2827 2804 2874 non

448 2932 515 2977 se
559 2913 759 2978 solum
797 2922 969 2997 pater
1008 2911 1430 2997 procreaverit,
1481 2912 1557 2976 ad
1597 2912 1934 2977 diluendam
1975 2912 2269 2976 eiusmodi
2322 2912 2804 2979 criminationem

447 3018 712 3101 primum
735 3016 845 3081 alia
874 3019 1131 3100 profert,
1170 3035 1322 3099 quae
1362 3017 1554 3099 repeti
1590 3015 1710 3080 boc
1742 3016 1877 3080 loco
1918 3015 2066 3080 nihil
2093 3017 2326 3093 attinet,
2359 3017 2574 3082 deinde
2600 3026 2804 3083 autem

446 3120 641 3185 addit:
668 3115 753 3185 τὸ
793 3114 872 3185 δὲ
916 3112 1245 3204 ἑπόμενον
1281 3113 1620 3201 στιχίδιον
1663 3110 1768 3185 ἔτι
1809 3116 2062 3203 μᾶλλον
2101 3115 2245 3186 λύει
2285 3117 2404 3207 τήν
2447 3117 2800 3209 διαβολήν.

445 3225 513 3289 ld
540 3225 614 3289 ad
635 3217 792 3302 emb,
822 3225 925 3308 qui
947 3226 1009 3289 in
1031 3225 1258 3290 nostris
1278 3223 1643 3290 editionibus
1665 3225 1951 3308 sequitur,
1973 3224 2331 3290 versiculum
2351 3225 2650 3309 pertinere
2671 3243 2801 3290 non

347 3341 412 3398 21
454 3349 642 3414 posse
669 3330 1045 3396 manifestum
1070 3339 1192 3394 est:
1216 3349 1358 3395 nam
1374 3329 1521 3393 nihil
1549 3338 1644 3394 est
1667 3329 1733 3392 in
1761 3328 1898 3404 hoc,
1928 3329 2090 3411 quod
2123 3329 2596 3394 criminationem
2617 3331 2795 3395 istam

447 3433 671 3501 diluere
708 3434 928 3517 possit:
968 3453 1160 3518 neque
1188 3435 1376 3517 magis
1406 3435 1484 3499 ad
1513 3434 1754 3498 tertium
1774 3482 1790 3511 ,
1822 3453 2001 3516 quem
2046 3423 2450 3520 ἀδιανόητον
2492 3443 2553 3499 et
2580 3434 2654 3498 ab
2682 3435 2804 3499 hoc

444 3546 727 3603 contextu
754 3538 1011 3604 alienum
1040 3558 1175 3604 esse
1202 3539 1483 3603 vidimus.
1549 3538 1811 3603 Pertinet
1839 3539 1969 3603 sine
1996 3537 2181 3603 dubio
2208 3538 2285 3602 ad
2313 3557 2474 3614 eum,
2506 3539 2608 3621 qui
2637 3557 2802 3603 nunc

445 3652 693 3727 quartus
722 3651 833 3720 est,
1001 3718 1013 3732 ,
1555 3717 1564 3726 ,
1648 3655 1658 3665 “
2369 3679 2378 3686 „

573 3744 723 3834 ῥεῖα
765 3738 845 3810 δέ
883 3731 1011 3810 κᾶν
1052 3737 1408 3835 πλεόνεσσι
1449 3737 1662 3832 πόροι
1701 3739 1877 3824 Ζεὺς
1918 3733 2213 3820 ἄσπετον
2256 3735 2459 3830 ὄλβον
2477 3752 2503 3792 ³
2527 3751 2583 3831 ¹)
2600 3795 2620 3826 ,
2700 3747 2715 3768 '

446 3850 644 3938 quisi
661 3852 863 3917 statim
892 3850 1107 3934 excipit
1132 3850 1299 3916 illum

556 4224 670 4296 ’31)
701 4228 759 4283 ln
782 4224 928 4283 codd.
951 4224 1071 4281 aliis
1091 4224 1194 4279 καί
1209 4225 1331 4278 aliis
1353 4207 1453 4278 ἱεεν
1472 4222 1716 4291 seriptu-
1738 4229 1839 4275 est.
1887 4215 2206 4277 nanu-u·
2230 4226 2281 4277 in
2305 4217 2594 4278 zia-em.
2617 4216 2801 4281 Dim.

440 4314 634 4388 anttqn.
663 4316 868 4385 lssssfl'p.
895 4315 997 4368 532
1019 4313 1312 4385 proposuit:
1334 4311 1437 4385 ῥέα
1458 4309 1531 4366 δ(
1547 4326 1612 4364 κε
1633 4313 1734 4363 καί
1750 4335 1836 4363 -·.
1894 4308 2018 4363 nihi
2039 4308 2175 4376 κᾶν,
2210 4313 2336 4365 lieet
2355 4311 2421 4365 ab
2445 4311 2653 4365 Homeri
2678 4328 2802 4368 aor-

441 4419 592 4464 noae
610 4403 848 4471 alienum
870 4402 936 4456 ab
957 4401 1036 4455 his
1057 4400 1328 4455 Heaiodeis
1349 4406 1518 4452 unos
1542 4414 1643 4451 non
1676 4399 1949 4452 aree-dun
1969 4399 2194 4455 videtur.
2241 4397 2321 4453 Cf.
2344 4415 2399 4454 v.
2423 4398 2550 4453 3⁵⁷.
