3102 4866
2894 0 3039 115 ἓ
3058 33 3102 131 ε

1452 253 1700 320 ,roe
2870 138 3102 345 4

2818 388 2826 399 ’
3025 412 3102 463 -ι

3006 596 3102 643 ἐμὲ

458 422 1473 525 «mmmmmprecibuzet
1510 443 1815 510 saa-iiidie
1853 442 2090 527 placare
2125 451 2501 508 conamtur.
2585 342 2933 520 0υύῗᾶο

458 534 2985 664 νωωςῆςυοᾱωιωηοωυωωιᾶοωωῂωωωωιύᾓώ

381 686 386 693 -
458 647 641 725 tiam,
678 649 1164 732 temperantiam,
1209 668 1454 715 omnem
1493 650 1749 734 denique
1784 650 2067 715 virtutem
2105 650 2382 714 homines
2417 647 2735 714 veteribus
2728 668 2833 724 ae
2960 662 2971 671 “
3080 666 3087 673 ·

459 751 2201 845 praedpueAeschylopa-veniresinedeorumauxilio
2248 751 2879 837 nonposaevisus
2931 770 2957 847 '-

461 873 842 941 maneque
876 856 1129 922 existen
1164 875 1433 941 unquam
1470 857 1607 924 illae
1641 878 1678 924 a
1706 857 1922 942 pietate
1948 857 2267 934 seiunctas,
2297 854 2682 938 consequitur
2705 873 2820 919 ne-

462 959 758 1038 cessario,
789 960 1067 1025 homines
1105 980 1141 1026 a
1168 961 1540 1027 Prometheo
1571 962 1882 1028 institutos
1918 961 2231 1045 similique
2255 978 2397 1044 erga
2434 959 2584 1024 deos
2619 957 2821 1023 animo

460 1063 743 1148 impletos
778 1082 910 1130 non
945 1065 1222 1149 potuisse
1256 1066 1392 1149 pios
1430 1064 1804 1150 deorumque
1843 1072 2145 1142 amantes,
2183 1064 2438 1149 ideoque
2475 1082 2555 1129 ne
2592 1061 2823 1128 virmtia

462 1167 703 1252 quidem
746 1176 926 1252 atque
962 1169 1292 1235 honestatis
1332 1179 1647 1254 compotes
1675 1189 1831 1236 essm
1890 1171 2080 1253 Atque
2115 1169 2236 1234 hoc
2263 1187 2448 1234 sensu
2474 1170 2540 1233 in
2567 1166 2825 1232 Prome-

461 1271 672 1339 theum
710 1273 1029 1337 convenire
1064 1272 1185 1338 dixi
1220 1291 1447 1338 nomen
1488 1268 1845 1358 διαβόλου,
1890 1292 1952 1356 p.
1994 1272 2110 1348 53,
2157 1273 2455 1357 siquidem
2486 1271 2549 1337 id
2597 1287 2825 1341 nomon

462 1394 603 1441 eum
630 1374 944 1459 significet,
972 1378 1077 1459 qui
1104 1377 1347 1442 alictiius
1377 1378 1650 1443 animum
1676 1376 1751 1442 ab
1780 1376 1964 1442 altero
1994 1375 2296 1441 abalienat.
2384 1375 2451 1439 ld
2478 1375 2824 1439 Hermanno

462 1480 532 1545 in
562 1481 1091 1545 muniendam
1131 1481 1490 1564 detorquere
1529 1480 1775 1565 placuit,
1812 1499 1884 1545 ac
1923 1479 1977 1543 si
2013 1479 2189 1562 plane
2225 1478 2650 1543 Prometheum
2688 1497 2828 1542 mm

465 1583 696 1650 satana.
727 1602 1203 1668 comparassem,
1253 1586 1358 1670 qui
1393 1595 1454 1650 et
1490 1588 1625 1670 ipse
1662 1577 1988 1668 διάβολος
2024 1604 2059 1649 a
2087 1581 2438 1647 Christianis
2477 1580 2825 1666 appellatur.

367 1696 431 1750 12
464 1687 1155 1771 Egoahalienasaeeum
1186 1690 1465 1754 homines
1495 1690 1675 1754 ediis
1706 1688 2066 1771 dixi,eoque
2095 1689 2319 1752 facmm
2347 1705 2501 1763 esse,
2532 1694 2829 1751 utavera

463 1789 682 1856 viailli
716 1790 1062 1856 aberrarent
1098 1802 1158 1857 et
1195 1793 1262 1857 in
1296 1792 1449 1857 mala
1488 1791 1676 1857 multa
1714 1791 2071 1857 inciderent:
2102 1791 2483 1857 Hermannus
2519 1799 2718 1855 autem
2746 1789 2828 1854 ita

463 1893 729 1977 loquitur
755 1913 826 1978 μ·
847 1893 911 1969 6,
940 1913 1012 1958 ac
1038 1894 1092 1959 si
1120 1895 1384 1960 voluisse
1409 1913 1549 1960 eum
1579 1896 1856 1961 homiues
1887 1897 1959 1961 ad
1990 1898 2334 1980 pravitatem
2363 1894 2633 1979 pellicere
2662 1893 2828 1958 dixe-

463 1997 606 2065 rim.
663 1997 968 2075 Quantum
998 1998 1191 2064 aheim
1221 1999 1296 2064 ah
1325 2000 1439 2065 hae
1459 2000 1771 2078 sententis,
1801 1999 1852 2064 si
1883 2001 2084 2065 minus
2114 2001 2316 2065 omnis
2344 2018 2477 2064 mea
2505 1997 2828 2082 disputatio

468 2101 747 2179 docebat,
783 2121 857 2167 ex
889 2102 970 2167 iis
1018 2112 1179 2168 certe
1215 2104 1464 2186 intelligi
1502 2103 1737 2179 debuit,
1780 2123 1931 2188 quae
1968 2104 2320 2170 'l'hemidem
2368 2103 2664 2168 dicentem
2714 2102 2829 2167 feci

466 2205 776 2271 Prometh.
813 2207 995 2271 solut.
1032 2227 1087 2272 v.
1120 2206 1512 2273 608-618.-
1544 2207 1936 2285 692—694,
1977 2217 2037 2273 et
2075 2227 2233 2292 quae
2263 2207 2408 2273 huic
2432 2207 2828 2272 Prometheus

466 2329 540 2377 va·
563 2311 1074 2395 'Idi-respondet.
1170 2312 1324 2377 Nam
1371 2321 1765 2396 posteaquam
1805 2312 2085 2396 exposuit
2123 2313 2400 2388 Themis,
2442 2330 2658 2377 omnes
2698 2310 2829 2377 illas

466 2422 645 2493 artem
670 2433 826 2499 quas
850 2414 1250 2481 Prometheus
1279 2416 1626 2482 hominihus
1654 2416 1986 2493 tradiderit,
2014 2436 2143 2507 non
2171 2416 2476 2483 obstitisse
2502 2414 2829 2500 quominus

464 2518 532 2586 hi
567 2520 733 2603 pravi
770 2538 842 2585 ae
876 2520 1081 2585 miseri
1116 2521 1460 2598 evaderent,
1499 2520 1680 2604 idque
1716 2529 2032 2605 propterea
2070 2521 2367 2600 evenisse,
2411 2520 2576 2606 quod
2612 2520 2837 2593 inmun

465 2624 694 2707 peetive
721 2623 849 2688 illas
879 2631 940 2689 et
965 2643 1373 2708 praepropere
1398 2625 1773 2702 tradidisset,
1799 2620 2069 2708 poenitet
2096 2624 2523 2690 Prometheum
2552 2624 2688 2689 raeti
2716 2624 2830 2699 sui,

466 2726 923 2810 asinumque
960 2728 1281 2811 intelligere
1319 2729 1542 2811 coepit,
1580 2737 1641 2793 et
1675 2728 2025 2811 sapientiam
2065 2729 2129 2792 in
2172 2728 2315 2792 love
2343 2729 2633 2794 maiorem
2649 2775 2668 2805 ,
2714 2745 2831 2792 nec

466 2830 764 2900 minorem
802 2848 944 2913 erga
979 2831 1258 2896 homines
1281 2832 1768 2897 -henevolentiam
1807 2850 1973 2904 esee,
2016 2831 2220 2896 odisse
2244 2831 2446 2897 lovem
2487 2831 2707 2896 desinit
2730 2850 2830 2896 re·

469 2933 914 3017 conciliarique.
941 2954 1080 2999 cum
1117 2954 1191 3000 eo
1233 2938 1414 3019 eupit.
1506 2935 1664 3001 Hinc
1691 2935 2086 3000 manifestum
2126 2945 2241 3012 est,
2291 2931 2515 3019 quanta
2560 2935 2833 3002 sitintet

467 3038 896 3106 Prometheum
927 3047 988 3103 et
1014 3039 1296 3104 Satanam
1328 3039 1772 3114 dissimilitudo,
1793 3039 1930 3103 licet
1957 3038 2181 3121 pariter
2205 3048 2456 3123 uterque
2486 3032 2829 3122 διάβολος,

465 3143 608 3208 h.·e.
626 3142 989 3209 abalienator
1015 3144 1331 3214 homiuum
1362 3164 1396 3208 a
1426 3145 1558 3220 deo,
1587 3144 1701 3208 diei
1724 3143 2005 3225 potuerit.
2060 3143 2223 3208 Alter
2250 3143 2411 3208 enim
2441 3161 2571 3208 uon
2597 3144 2832 3210 minore

465 3248 532 3313 in
557 3248 839 3313 homines
878 3266 1058 3330 quam
1086 3249 1150 3313 in
1179 3248 1360 3314 deum
1390 3247 1579 3312 odio
1562 3265 1845 3311 incensus
1884 3257 2004 3323 est,
2034 3247 2209 3324 alter,
2239 3266 2425 3331 quum
2454 3247 2657 3312 lovem
2693 3246 2833 3330 qui·

468 3353 604 3419 dem
643 3361 992 3436 ceterosque
1028 3350 1184 3417 deos
1216 3352 1431 3428 oderit,
1444 3351 1786 3420 hominum
1826 3359 2029 3417 tamen
2057 3360 2157 3415 est
2178 3351 2655 3441 amantissimus.
2687 3352 2832 3417 alter

470 3456 668 3522 sciens
705 3455 1044 3541 volensque
1067 3457 1346 3540 homines
1381 3457 1455 3520 ad
1498 3422 1843 3539 pravitatem
1883 3454 2128 3539 pellicit,
2156 3474 2278 3538 quo
2308 3474 2415 3519 eos
2455 3455 2710 3522 miseros
2741 3458 2832 3520 fa·

469 3560 606 3636 «iat,
630 3560 777 3625 alter·
803 3559 1147 3625 consultum
1185 3559 1548 3625 hominihus
1573 3560 1722 3634 vult,
1764 3560 1918 3623 sed
1902 3577 2143 3642 ignarus
2172 3577 2347 3623 verae
2372 3559 2625 3626 rationis
2665 3579 2735 3625 ea
2760 3558 2835 3624 iia
2959 3626 2963 3630 ,

467 3662 754 3732 beneficia
780 3664 994 3740 tradit,
1031 3683 1185 3748 quae
1213 3664 1522 3729 videantur
1547 3663 1788 3746 quidem
1819 3680 1945 3728 non
1983 3664 2111 3727 sint
2142 3672 2344 3728 autem
2372 3682 2509 3728 vere
2532 3663 2834 3741 beneficia,

470 3767 913 3852 aed-pravitatis
941 3769 1145 3851 potius
1176 3778 1240 3832 et
1265 3768 1559 3832 malorum
1589 3767 1893 3841 alimenta,
1924 3765 2148 3831 seilicet
2175 3768 2233 3831 si
2259 3766 2353 3832 illa
2392 3768 2524 3832 sola
2552 3767 2834 3833 homines

466 3872 741 3948 habeant,
770 3889 904 3936 uon
917 3872 1212 3937 adiunctis
1242 3872 1371 3936 aliis
1400 3871 1584 3936 honis
1601 3869 1951 3946 maioribus,
1982 3869 2057 3933 de
2085 3868 2307 3951 quibus
2328 3888 2453 3937 non
2477 3870 2833 3953 cogitaverat
2932 3949 2941 3954 =

469 3977 867 4044 Prometheus
894 3994 1090 4059 neque
1117 3976 1426 4059 impertire
1452 3976 1585 4059 ipse
1624 3994 1693 4039 ea
1712 3972 2061 4038 hominihus
2092 3982 2385 4068 potuerat
2472 3973 2631 4038 Hinc
2648 3972 2833 4038 simul

469 4083 650 4148 etiam
696 4080 840 4146 illud
890 4080 1260 4162 intelligitur,
1313 4098 1491 4163 quam
1544 4097 1682 4143 vere
1715 4077 2100 4146 Hei-mannus
2152 4098 2213 4163 p.
2256 4079 2299 4143 6
2349 4097 2449 4143 me
2495 4077 2833 4161 posmlasee

383 4224 399 4231 ·
469 4185 789 4268 significet,
859 4195 926 4249 ut
993 4202 1234 4249 morum
1293 4184 1650 4276 virtutisque
1716 4190 2033 4267 praecepta
2090 4182 2487 4248 Prometheus
2554 4182 2829 4246 traderet.

423 4295 430 4300 ”
470 4289 676 4372 Neque
714 4287 835 4352 dixi
875 4306 1140 4370 unquam
1179 4287 1398 4369 aliquid
1428 4285 1753 4360 eiusmodi,
1794 4304 1907 4350 nec
1942 4287 2115 4369 potui
2151 4289 2423 4370 profecto
2451 4286 2673 4362 dica-e,
2712 4284 2830 4349 nisi
