3102 4866
1443 312 1529 376 53

321 501 469 569 tium
509 486 888 585 ingeniorum
927 501 1085 567 curis
1125 501 1363 568 collecta
1401 509 1461 566 et
1489 493 1813 584 disposita,
1854 522 2113 587 moxque
2148 520 2367 587 magno
2406 501 2679 569 acumine
2745 515 2754 521 “

315 615 373 674 et
399 606 605 675 subtili
642 607 913 673 doctrina
943 606 1209 673 certatim
1239 605 1521 689 explicata
1550 613 1612 670 et
1646 607 1954 673 emendata
1984 617 2151 687 sunt3
2188 608 2497 674 Hesiodeis
2529 627 2676 675 oon·

316 725 406 781 tra
424 715 627 780 -multo
658 714 861 778 minus
891 713 1059 779 omni
1095 721 1367 797 tempore
1405 731 1583 777 curae
1613 731 1685 776 ac
1711 712 1891 777 studii
1920 713 2287 797 impertitum
2315 724 2427 778 est.
2487 714 2680 797 Atque
2724 768 2739 780 .

312 820 434 884 boc
461 819 718 884 maxime
745 819 809 883 in
833 817 1134 902 Operibus
1164 827 1225 883 et
1244 817 1463 884 Diebus
1497 818 1819 882 observare
1839 818 1994 895 licet,
2026 818 2242 902 quibus
2272 819 2679 904 perpoliendis

312 932 417 990 aut
444 923 923 1007 interpretandis,
941 923 1015 988 ab
1044 941 1167 988 uno
1199 931 1304 987 aut
1329 922 1511 988 altero
1540 921 1835 987 nobiliore
1862 924 2246 1005 grammatico
2277 924 2493 1010 aliquid
2523 942 2673 1009 ope-
2721 930 2787 984 10

314 1048 418 1094 rae
450 1027 655 1094 datum
686 1045 821 1091 esse
851 1027 951 1091 vix
979 1028 1186 1111 paucis
1214 1026 1449 1092 indiciis
1479 1027 1921 1109 cognoscimus.
2008 1027 2418 1118 memorantur
2442 1029 2682 1112 quidem

218 1150 222 1154 ·
312 1134 376 1198 in
410 1131 655 1197 scholiis
685 1130 989 1214 Apollonii
1015 1131 1256 1208 Rhodii,
1286 1130 1566 1209 Comani,
1596 1131 1950 1209 Aristarchi,
1978 1131 2257 1208 Cratetis,
2287 1131 2548 1211 Seleuci,
2577 1134 2683 1200 ni-

314 1237 477 1321 dymi
506 1235 781 1312 nomina,
826 1236 935 1300 sed
972 1236 1123 1301 locis
1165 1236 1481 1321 perpaucis
1511 1244 1688 1320 atque
1718 1237 1835 1316 sic,
1873 1247 1938 1303 ut
1967 1236 2387 1302 recensionum
2417 1237 2683 1303 diversa-

311 1361 482 1417 rum,
534 1340 737 1424 quales
775 1339 1236 1405 Homericorum
1275 1340 1609 1405 carminum
1649 1341 1918 1418 luerunt,
1966 1359 2102 1406 rara
2138 1349 2369 1406 tantum
2408 1349 2466 1405 et
2501 1360 2684 1426 parva

313 1443 559 1527 vestigia
588 1450 929 1526 appareant.
1020 1442 1319 1527 Quidquid
1348 1451 1546 1507 autem
1579 1444 1931 1510 diversitatis
1963 1453 2349 1521 memoratur,
2380 1445 2442 1510 in
2473 1445 2680 1530 singu·

314 1551 388 1616 lis
421 1547 703 1613 versibus.
719 1556 822 1613 aut
848 1547 1228 1631 reprehensis
1256 1557 1358 1613 aut
1385 1547 1614 1623 eiectiS,
1653 1549 1845 1613 autin
1872 1548 2173 1614 vocabulis
2203 1549 2446 1614 mutatis
2477 1552 2681 1615 consi-

316 1655 446 1731 stit,
492 1653 832 1718 nniversam
874 1651 1156 1718 carminis
1197 1651 1701 1737 compositionem
1741 1671 1868 1719 non
1896 1653 2151 1737 attingit:
2191 1662 2253 1716 et
2278 1653 2682 1731 Plutarchum,

315 1779 386 1824 ex
433 1758 605 1823 cuius
652 1756 1095 1822 commentariis
1133 1774 1260 1821 non
1300 1746 1487 1840 pauca
1515 1749 1560 1820 Ξ
1582 1756 1798 1821 Proclo
1828 1766 2056 1821 servata
2083 1757 2404 1836 babemus,
2431 1777 2556 1824 non
2586 1759 2680 1824 di·
2729 1762 2744 1780 ³

315 1881 553 1928 versam
594 1861 668 1926 ab
720 1861 860 1938 hac,
910 1879 1059 1944 quae
1100 1878 1266 1926 nunc
1301 1870 1421 1938 est,
1475 1859 1754 1925 carminis
1806 1862 2065 1926 formam
2115 1868 2406 1927 tractasse
2457 1862 2681 1947 liquido

314 1975 565 2034 constat.
609 2040 621 2053 ,
1913 1986 1919 1991 ·
2749 2044 2756 2049 ,

489 2073 623 2137 Una
652 2079 883 2137 tantum
913 2070 1203 2154 insignior
1230 2070 1559 2135 editionum
1590 2070 1896 2135 diversitas
1927 2071 2074 2135 haec
2099 2071 2237 2148 ruit,
2266 2070 2427 2155 quod
2457 2090 2680 2155 prooe-

320 2179 476 2256 mio,
505 2196 560 2241 v.
597 2176 856 2254 1-10,
885 2175 1201 2241 nonnullae
1231 2182 1580 2249 caruerunt,
1623 2174 1793 2239 cuius
1822 2175 1908 2239 rei
1940 2174 2059 2240 duo
2078 2156 2292 2240 extant
2318 2175 2680 2253 testimonia,
2805 2212 2811 2219 ·

314 2285 566 2349 alterum
616 2281 971 2356 Pausaniae,
1024 2279 1124 2364 qui
1176 2280 1251 2344 ab
1301 2279 1605 2346 Heliconis
1656 2281 1872 2345 accolis
1921 2281 2394 2346 vetustissimum
2424 2272 2685 2369 ’Ἔργων

315 2386 656 2471 exemplum
693 2385 807 2450 sibi
833 2392 1237 2450 monstratum
1266 2403 1402 2449 esse
1439 2393 1645 2450 narrat
1666 2391 1682 2431 ¹
1707 2387 1799 2467 ³),
1823 2385 2134 2469 -plumbeis
2172 2385 2388 2452 tabulis
2419 2385 2676 2470 inscrip-

313 2502 474 2569 tum,
529 2490 699 2556 cuius
745 2490 981 2555 initium
1033 2490 1203 2555 lieret
1234 2509 1272 2552 a
1311 2508 1490 2553 versu
1541 2491 1650 2567 11,
1699 2489 1943 2555 omissis
1991 2490 2195 2554 decem
2242 2489 2674 2575 superioribus,

313 2598 563 2663 alterum
622 2593 1042 2678 Praxiphanis‚
1106 2612 1284 2676 quem
1340 2594 1589 2659 Proclus
1651 2597 1868 2659 resert¹
1895 2597 1956 2675 ⁴)
2021 2596 2356 2679 exemplum
2408 2595 2675 2679 Operum

313 2692 854 2786 ἀπροοιμίαστον
881 2716 915 2761 a
943 2716 1009 2774 se
1038 2696 1231 2762 visum
1272 2716 1804 2763 commemorasse.
1891 2700 2203 2765 Eiusmodi
2234 2700 2500 2784 exempla
2529 2718 2676 2765 num
2770 2750 2794 2764 .

241 2812 249 2819 “
311 2804 406 2869 alii
436 2821 677 2889 quoque
717 2799 1088 2884 grammatici
1118 2800 1394 2878 viderint,
1435 2819 1561 2867 non
1599 2803 1808 2886 liquet:
1847 2803 2189 2868 damnatum
2227 2813 2426 2869 tamen
2454 2824 2677 2889 prooe-

310 2909 499 2973 mium
528 2926 564 2972 a
592 2905 864 2990 principe
888 2904 1229 2991 criticorum
1256 2905 1626 2982 Aristarcho,
1657 2907 1731 2971 ab
1761 2907 1887 2972 aliis
1918 2908 2326 2973 addubitatum
2357 2927 2490 2972 esse
2511 2908 2674 2973 vide·

309 3031 446 3077 mus
471 3016 488 3057 ¹
511 3015 593 3091 ε5).
633 3044 700 3057 -
742 3009 861 3073 Sed
885 3009 1391 3092 quemadmodum
1420 3011 1482 3075 hi
1514 3010 1719 3075 decem
1743 3030 1951 3075 versus
1981 3012 2054 3076 ab
2084 3012 2280 3094 aliquo
2304 3011 2512 3076 adiecti
2541 3032 2676 3076 esse

308 3116 610 3227 videntur,
657 3112 760 3197 qui
800 3131 996 3179 carere
1045 3131 1286 3179 carmen
1325 3114 1645 3198 prooemio
1682 3134 1810 3180 non
1848 3116 2064 3181 debere
2100 3114 2421 3181 iudicaret¹
2446 3118 2538 3197 ὓ),
2587 3117 2678 3181 sic

450 3352 531 3419 13)
569 3351 681 3406 Lib.
702 3350 798 3406 lx.
822 3367 869 3404 e.
894 3349 976 3417 31,
1000 3351 1059 3404 4:
1094 3349 1372 3406 Βοιωτῶν
1395 3348 1459 3406 δὲ
1496 3352 1558 3406 οἱ
1581 3352 1716 3425 περὶ
1741 3351 1844 3408 τὸν
1861 3349 2129 3408 Ἑλικῶνα
2163 3352 2449 3416 οἰκοῦντες
2470 3371 2673 3425 παρει-

307 3440 567 3514 λημμένῃ
587 3433 727 3512 δόξῃ
743 3439 1029 3509 λέγουσιν,
1047 3433 1123 3497 ὥς
1142 3431 1563 3500 ἅλλοἸΙσίοδος
1586 3434 1829 3508 ποιήσαι
1840 3436 2011 3495 οῦδὲν
2033 3434 2067 3509 ἢ
2088 3436 2159 3496 τὰ
2176 3438 2331 3515 ἔργα·
2342 3444 2436 3496 καὶ
2456 3435 2673 3497 τούτων

307 3526 373 3582 δὲ
407 3523 475 3581 τὸ
509 3522 567 3586 ἐς
589 3523 695 3585 τὰς
717 3519 965 3584 Μούσας
988 3519 1306 3598 ἀφαιροῦσι
1339 3531 1661 3599 προοίμον,
1689 3524 1872 3598 ἀρχὴν
1895 3526 1992 3595 τῆς
2015 3522 2302 3598 ποιήσεως
2336 3527 2484 3585 εῖναι
2520 3528 2585 3584 τὸ
2612 3529 2672 3589 ἐς

308 3609 653 3687 τᾶςἝριδας
681 3612 964 3683 λέγοντες·
997 3614 1099 3664 καί
1114 3627 1223 3683 μοι
1253 3607 1539 3684 μόλιβδον
1565 3612 1923 3678 ἐδείκνυσαν,
1951 3613 2096 3669 ἔνθα
2121 3611 2154 3684 ἦ
2181 3610 2353 3688 πηγή,
2379 3613 2447 3670 τὰ
2476 3613 2665 3671 πολλὰ

301 3697 427 3771 ,ὑπὸ
452 3695 555 3754 tofi
571 3693 790 3772 χρόνου
811 3699 1268 3771 λελυμασμένον·
1289 3700 1615 3772 γέγραπται
1640 3699 1679 3755 δ
1684 3697 1700 3719 ’
1728 3700 1791 3757 ἐν
1814 3697 1968 3772 αὐτῷ’
1988 3698 2058 3756 τὰ
2068 3695 2262 3776 Ἔργα.

454 3787 539 3852 14)
575 3785 810 3840 Prooem.
835 3785 1073 3838 scholior.
1099 3802 1148 3855 p.
1168 3784 1200 3837 3
1225 3786 1279 3838 ff.
1307 3784 1495 3840 Galen:
1521 3781 1616 3841 ὅτι
1641 3785 1704 3843 δὲ
1728 3786 1792 3841 τὸ
1819 3785 2139 3862 προοίμιόν
2162 3806 2309 3852 τινες
2330 3788 2677 3876 διέγραψαν(

307 3869 507 3948 ὥσπερ
541 3868 709 3927 ἄλλοι
738 3888 799 3927 τε
824 3873 920 3926 καὶ
947 3868 1316 3946 Ἀρίσταρχος
1345 3870 1613 3943 ὀβελίζων
1644 3871 1774 3936 τοὺς
1807 3880 2060 3946 στίχους,
2103 3878 2201 3931 καὶ
2233 3870 2606 3951 Πραξιφάνής
2639 3895 2672 3931 ο

305 3961 408 4018 τοῦ
436 3953 813 4033 Θεοφράστου
833 3953 1111 4030 μαθητής,
1135 3958 1285 4033 μηδὲ
1310 3959 1479 4016 τοῦτο
1504 3958 1826 4035 ἀγνοῶμεν.
1880 3946 2058 4023 Οὗτος
2077 3965 2278 4037 μέντοι
2301 3966 2396 4018 καὶ
2420 3963 2673 4035 ἐντυχεῖν

306 4048 489 4122 φησὶν
520 4040 962 4118 ἄπροοιμιάστῳ
1005 4047 1085 4116 τῷ
1124 4049 1321 4119 βιβλίῳ
1363 4049 1459 4102 καὶ
1491 4044 1796 4122 ἀρχομένῳ
1830 4052 2011 4122 χωρὶς
2042 4052 2141 4119 τῆς
2182 4045 2527 4120 ἐπικλήσεως
2558 4051 2673 4107 τῶν

308 4135 576 4191 Μουσῶν
597 4131 883 4190 ἐντεῦθεν·
953 4127 1068 4188 Οὐκ
1103 4128 1211 4205 ἄρα
1231 4135 1456 4207 μοῦνον
1479 4134 1580 4204 ἔην
1601 4135 1810 4210 ἐρίδων
1830 4139 2011 4209 γένος.

452 4223 534 4289 15)
570 4221 733 4277 Velut
753 4220 820 4275 ab
841 4220 1131 4275 Herodiano
1162 4223 1218 4275 ln
1243 4222 1514 4279 Villoison.
1571 4225 1767 4279 Anecd.
1792 4224 1837 4279 11
1864 4241 1911 4294 p.
1938 4225 2005 4279 89
2031 4231 2087 4279 et
2108 4226 2158 4279 in
2184 4224 2550 4294 Walziiflbet.
2575 4226 2668 4282 Gr.

453 4326 536 4465 lpss)
574 4396 825 4452 Fortasse
858 4411 890 4448 a
926 4397 1176 4468 rhapsodo
1211 4414 1417 4454 carmen
1455 4400 1504 4453 in
1539 4367 1710 4470 aliquo
1745 4399 1979 4454 ludorum
2012 4408 2265 4455 conventu
2301 4402 2570 4458 recitante.
2617 4401 2671 4458 Id
