3102 4866
1470 319 1597 386 102

353 505 617 583 horreat,
644 506 918 571 venerari
936 498 1144 571 tamen
1172 516 1235 573 et
1261 509 1512 574 adorare
1536 511 1668 573 no‘n
1694 510 1893 574 solum
1922 517 2177 594 propter
2195 517 2577 593 potestatem,
2597 497 2776 579 αὖ·

355 619 609 749 propter
633 611 1007 695 sapientiam,
1030 611 1340 693 iustitiam,
1369 612 1702 679 bonitatem
1733 613 1958 679 deceat.
2576 609 2735 709 ἢ
2764 628 2837 693 «ξ’
2862 606 2903 675 ’.ἶ
2944 614 2951 620 “

445 714 685 780 Β
665 734 733 780 ιιι
760 714 1106 781 universum
1146 716 1222 782 de
1247 717 1524 801 Aeschyli
1551 718 1689 783 Iove
1728 716 2085 801 praemissis
2118 717 2234 782 iam
2275 718 2352 782 de
2377 715 2723 787 Promet-
2746 733 2761 746 ’

357 750 558 885 fabula
580 818 900 884 videndum
930 830 1040 885 est.
1127 819 1199 886 In
1226 821 1342 887 hac
1369 821 1530 886 enim
1558 821 1954 904 pravissimos
1983 820 2142 885 lovis
2178 839 2382 886 mores
2420 820 2723 915 plerisqn
2842 895 2849 903 ¹

357 922 528 988 visos
557 941 698 988 esse
725 940 912 988 nemo
936 924 1197 1009 ignorat,
1227 944 1425 1009 neque
1451 924 1880 990 Hei-mannus
1862 946 1994 1010 ipse
2033 926 2177 991 olim
2217 925 2390 990 aliter
2428 924 2725 1008 iudicarit

359 1026 516 1093 Nam
543 1026 942 1092 crudelissimi
970 1029 1209 1113 tyranni
1238 1029 1624 1114 exemplum·
1603 1047 1669 1093 m
1698 1029 1827 1095 eius
1856 1047 2131 1113 persona
2159 1030 2545 1113 propositum
2588 1028 2725 1099 eu
2860 1020 2865 1027 ’

241 1142 247 1148 “
360 1131 532 1209 dixit,
564 1130 746 1216 idque
772 1133 930 1217 apud
961 1132 1222 1199 Graecos
1254 1135 1653 1200 offensionem
1683 1134 1903 1199 habere
1929 1133 2209 1217 potuisse
2244 1133 2509 1216 negavit,
2549 1141 2616 1197 ut
2630 1132 2721 1204 ι’.

359 1236 777 1321 religionibus,
829 1257 979 1322 quae
1021 1248 1187 1304 totae
1229 1259 1302 1305 ex
1340 1238 1689 1304 huiusmodi
1729 1237 1941 1305 fabulis
1991 1246 2198 1303 essent
2247 1236 2728 1323 compositae»,
2782 1252 2845 1313 ,1.
2900 1249 2955 1328 ³5
3094 1243 3102 1265 ⁴

363 1340 620 1406 Tantam
647 1341 832 1423 igitur
853 1343 947 1407 vir
973 1343 1361 1408 doctissimus
1398 1343 1561 1427 apud
1587 1343 1949 1426 Aeschylum
1986 1342 2230 1425 eiusque
2268 1341 2541 1425 aequales
2581 1359 2723 1425 per·
2807 1347 2810 1350 ’
3096 1414 3102 1439 ¹

361 1444 712 1509 versitatem·
740 1444 1044 1527 religionis
1083 1446 1269 1511 fuisse
1306 1445 1584 1523 credidit,
1630 1454 1701 1509 ut
1738 1445 1937 1530 pravis
1975 1446 2227 1510 deorum
2276 1445 2549 1511 moribus
2597 1462 2725 1510 non

309 1582 326 1599 -0
365 1548 825 1627 offenderentur,
854 1549 1174 1634 Iovemque
1195 1550 1677 1616 crudelissimum
1699 1559 2022 1635 tyrannum
2043 1569 2234 1635 aequo
2256 1550 2457 1615 animo
2484 1551 2724 1615 ferrent.
2809 1564 2817 1571 '

363 1653 539 1720 Nunc
563 1662 761 1719 autem
789 1654 1078 1720 hacteuus
1108 1656 1317 1721 saltem
1347 1656 1601 1721 mutavit
1626 1655 1910 1721 iudicium
1923 1705 1939 1732 ‚
1975 1664 2045 1721 ut
2072 1654 2230 1720 duos
2258 1654 2527 1739 Aeschyli
2554 1655 2726 1719 loves
2785 1725 2796 1735 ,

365 1757 651 1839 distingui
677 1758 833 1835 velit,
864 1759 1111 1824 alterum
1139 1759 1511 1836 fabulosum,
1555 1759 1659 1844 qui
1688 1760 1848 1825 salva
1875 1758 2158 1844 religione
2188 1760 2366 1824 etiam
2393 1759 2595 1824 minus
2626 1777 2725 1823 re·

365 1872 641 1928 verenter
689 1864 924 1928 metari
974 1863 1264 1947 potuerit,
1315 1863 1569 1929 alterum
1620 1865 2125 1948 perfectissimum
2166 1874 2224 1928 et
2263 1863 2728 1940 sanctissimum,

367 1985 608 2031 summa
636 1972 880 2050 semper
907 1985 1046 2032 cum
1075 1966 1400 2032 reverentia
1425 1976 1857 2033 memoratum:
1906 1969 1969 2032 iu
1998 1967 2361 2032 Prometheo
2389 1967 2729 2032 fabulosum

227 2091 236 2100 ·
369 2066 556 2137 istum
582 2071 868 2154 proponi,
895 2090 966 2136 ac
993 2089 1070 2136 ne
1099 2071 1264 2136 huuc
1290 2072 1530 2156 quidem
1563 2082 1686 2137 tam
1716 2090 1968 2156 pravum
1998 2090 2160 2150 esse,
2201 2089 2381 2155 quam
2432 2070 2731 2156 plerisque

370 2174 537 2240 visus
576 2174 680 2251 sit,
718 2175 903 2239 modo
957 2176 1092 2258 quis
1122 2194 1251 2240 rem
1280 2194 1411 2241 non
1438 2195 1512 2241 ex
1562 2175 1995 2241 hodiernomm
2046 2175 2468 2259 theologorum
2520 2185 2623 2241 aut
2658 2194 2730 2239 ex

371 2276 876 2362 philosophorum
904 2278 1154 2361 placitis,
1184 2280 1292 2344 sed
1312 2299 1386 2345 ex
1413 2280 1689 2364 Aeschyli
1719 2289 1779 2344 et
1805 2280 1935 2345 eius
1974 2279 2307 2363 aequalium
2347 2279 2732 2365 opinionibus

374 2380 690 2448 aestimare
716 2382 895 2448 velit·
955 2380 1295 2466 Hoc'igitur
1316 2402 1546 2450 novum
1576 2402 1756 2450 suum
1787 2384 2070 2450 iudicium
2100 2384 2466 2468 probaturus
2494 2404 2554 2469 p.
2587 2386 2626 2449 5
2657 2382 2732 2449 ah

295 2503 343 2556 ,9
377 2485 733 2570 exponendo
765 2487 998 2553 rabulae
1021 2499 1374 2571 argumento
1397 2488 1631 2553 initium
1662 2489 1817 2553 facit.
1907 2489 2148 2566 „Quum
2179 2489 2487 2566 Titanes‚“
2525 2488 2734 2572 inquit,

378 2593 571 2673 „inter
606 2612 674 2658 se
714 2591 1135 2670 deliberarent,
1165 2600 1370 2658 utrum
1402 2593 1727 2658 Saturnum
1768 2610 1844 2659 an
1889 2593 2090 2658 Iovem
2132 2612 2380 2677 regnare
2409 2602 2733 2677 oporteret,

376 2695 774 2765 Prometheus
811 2697 1031 2774 effecit,
1083 2705 1149 2762 ut
1185 2705 1459 2781 ereptum
1490 2696 1752 2763 Saturno
1782 2715 2035 2780 regnum
2066 2698 2396 2763 traderetur
2420 2697 2573 2762 Iovi.
2611 2716 2733 2780 quo

373 2801 476 2869 ille
507 2801 767 2886 potitus,
807 2800 1119 2866 Titanibus
1157 2802 1221 2867 in
1249 2802 1565 2866 Tartarum
1605 2802 1894 2878 detrusis,
1945 2802 2147 2867 munia
2188 2802 2435 2885 singulis
2476 2802 2593 2867 diis
2627 2822 2735 2867 sua

376 2907 753 2992 assignavit&
841 2908 1080 2973 Poterat
1136 2906 1363 2982 dicere,
1423 2904 1850 2970 Prometheum
1902 2905 2043 2970 illud
2083 2926 2116 2971 a
2170 2925 2237 2970 se
2274 2907 2550 2971 effectum
2601 2926 2736 2971 esse

377 3014 642 3101 glon‘ari.
662 3033 805 3080 nam
827 3012 1053 3080 facilior
1074 3011 1239 3075 fieret
1265 3010 1423 3074 Iovis
1452 3009 1740 3087 defensio,
1772 3012 1825 3074 si
1856 3010 1951 3074 ille
1980 3011 2239 3074 fortasse
2259 3011 2533 3076 meritum
2557 3029 2733 3075 suum

377 3139 561 3206 supra
609 3119 818 3185 verum
878 3115 1214 3192 extulisset3
1274 3114 1382 3179 sed
1445 3114 1755 3178 mittamus
1802 3115 1952 3190 hoc,
2013 3114 2442 3200 audiamusque
2490 3115 2734 3199 reliqua.

382 3223 566 3303 „Iovi‚
597 3241 787 3306 quum
813 3220 1021 3286 deletis
1051 3216 1396 3285 hominibus
1427 3216 1585 3282 aliud
1615 3235 1840 3281 novum
1885 3237 2074 3301 genus
2116 3212 2319 3283 creare‘
2348 3218 2540 3295 vellet,
2577 3218 2738 3283 Pro-

380 3330 659 3395 metheus
687 3326 991 3392 miseritus
1023 3322 1341 3388 hominum
1371 3321 1621 3397 obstitit,
1654 3321 2135 3406 subductumque
2165 3323 2317 3388 clam
2357 3323 2560 3406 ignem
2599 3343 2735 3387 cum

382 3429 732 3498 mortalibus
777 3426 1272 3502 communicavit,
1326 3443 1448 3508 quo
1502 3426 1868 3509 compotitos
1922 3435 2077 3491 artes
2131 3427 2361 3504 docuit,
2413 3427 2627 3512 quihus
2665 3426 2739 3492 ah

384 3532 598 3622 agresti
638 3535 865 3600 feritate
905 3532 982 3597 ad
1026 3529 1383 3596 commodae
1420 3537 1479 3592 et
1517 3528 1811 3593 iucundae
1862 3530 2013 3594 vitae
2053 3530 2278 3595 cultum
2329 3533 2739 3597 eveherentur.

283 3696 290 3702 .
384 3639 767 3725 Quapropter
793 3639 979 3704 iratus
1007 3633 1284 3732 luppiter
1304 3651 1444 3697 eum
1474 3633 1537 3696 iu
1570 3632 1843 3717 Scythiae
1882 3634 2119 3699 deserto
2149 3637 2289 3718 rupi
2326 3637 2577 3719 affigit!
2657 3637 2743 3701 Ita

378 3745 673 3856 eipoaito
705 3743 940 3809 rabulae
968 3749 1352 3821 argumento,
1403 3736 1645 3820 „quid“‚
1697 3738 1955 3821 quaerit,
2009 3749 2143 3815 „est
2179 3739 2241 3804 in
2278 3740 2408 3818 his,
2448 3742 2612 3826 quod
2641 3748 2751 3805 aut,

378 3869 620 3919 morum
655 3848 1019 3934 pravitatem
1067 3844 1225 3910 Iovis
1275 3851 1511 3928 arguat,
1566 3849 1668 3907 aut
1715 3841 2075 3924 probitatem
2136 3853 2479 3928 suspectam
2537 3844 2743 3909 reddat

380 3942 772 4023 Promethei?
819 3951 1113 4035 Ingratus,
1145 3948 1356 4033 inquit,
1382 3946 1649 4031 luppiter
1670 3954 1763 4010 est
1791 3966 1929 4030 erga
1953 3946 2397 4023 Prometheum,
2426 3968 2535 4033 per
2562 3951 2741 4033 quem

380 4071 474 4128 est
514 4078 766 4145 regnum
817 4058 1092 4141 adeptus.
1178 4053 1541 4118 Prometheo
1584 4052 1663 4116 ita
1712 4049 1898 4115 videri
1938 4069 2066 4117 nou
2118 4063 2209 4118 est
2257 4053 2495 4118 mirum.
2581 4051 2738 4116 Num
2794 4052 2801 4066 '

383 4185 544 4306 vero,
571 4165 626 4230 si
653 4171 865 4247 regnat
892 4179 1001 4308 per
1028 4158 1464 4300 Prometheum
1485 4155 1768 4296 Iuppiter,
1797 4165 2115 4304 propterea
2145 4159 2292 4222 serat
2329 4158 2740 4222 adversantem

521 4394 574 4460 ¹1¹)
597 4391 818 4456 Πίσωνι.
844 4392 907 4444 de
934 4391 1119 4443 Aesch.
1146 4387 1315 4442 Prom.
1340 4386 1499 4440 solut.
1526 4386 1579 4439 in
1606 4383 1827 4454 Opuaec.
1855 4381 1961 4439 tom
1984 4385 2072 4442 lv.
2098 4403 2149 4456 p.
2175 4384 2294 4439 256.
