3102 4866
1632 274 1759 340 462

518 460 726 527 siliunt
746 460 1234 546 prudentissimis
1262 461 1554 544 cuiusque
1582 459 1923 544 provinciae
1947 459 2112 537 viris,
2140 477 2388 525 omnem
2414 467 2477 524 et
2504 467 2897 542 sumptuum,
2988 461 2995 464 ’

517 584 678 650 quos
703 565 791 630 rei
818 566 1090 650 publicae
1115 565 1549 631 administratio
1577 563 1934 649 requireret,
1973 572 2035 629 et
2056 563 2390 640 redituum,
2430 562 2533 647 qui
2559 562 2789 646 ubique
2814 582 2897 628 ex

515 670 924 754 vectigalibus,
962 671 1276 756 portoriis,
1313 669 1553 736 tributis
1580 668 1951 754 percipiendi
1977 677 2207 753 essent,
2235 668 2534 734 rationem
2560 668 2897 733 commode

517 776 881 859 composuit,
907 776 1102 861 iisque
1130 769 1474 859 colligendis
1500 773 1755 840 idoneos
1785 774 2043 839 maxime
2061 775 2224 840 viros
2243 772 2546 860 praefecit,
2576 782 2761 857 atque
2782 773 2894 849 ita,

516 899 658 947 cum
683 880 944 947 neminis
970 881 1205 958 iniuria,
1234 900 1431 966 neque
1456 881 1697 964 exigens
1727 900 1763 945 a
1792 897 2116 964 quoquam,
2146 879 2309 964 quod
2337 896 2467 944 non
2495 877 2699 944 deberi
2730 895 2895 944 con-

515 983 1941 1064 sumetmultaetiamliberaliterremittenm
1968 993 2201 1050 tantum
2230 982 2894 1067 effedgutmqued-

512 1088 622 1156 v'es
644 1108 911 1177 unquam
949 1091 1233 1156 libentius
1261 1099 1323 1156 et
1349 1090 1587 1155 minore
1613 1108 1754 1155 cum
1780 1089 2053 1156 molestia
2082 1091 2453 1167 conferrent,
2480 1106 2679 1173 neque
2707 1087 2895 1172 prin.-

514 1194 662 1280 ceps
707 1195 873 1262 ullus
909 1196 1008 1262 illa
1044 1203 1424 1281 tempestate,
1476 1213 1588 1279 pro
1628 1211 1913 1260 mensura
1938 1186 2241 1280 quidem·
2223 1194 2486 1280 imperii,
2537 1192 2896 1277 opulentior

512 1298 851 1366 baberetur.
937 1300 1048 1367 His
1099 1308 1301 1366 autem
1340 1298 1561 1384 opibus
1596 1318 1723 1364 non
1762 1298 1835 1364 ad
1875 1300 2095 1365 fastum
2112 1336 2117 1341 ·
2133 1308 2195 1366 et
2228 1300 2721 1395 ostentationem,
2772 1297 2892 1362 sed

513 1422 753 1470 summa
782 1423 919 1471 cum
952 1404 1243 1490 sapientia
1270 1403 1346 1469 ad
1374 1403 1462 1469 rei
1490 1402 1762 1487 publicae
1789 1404 2179 1475 commodum
2205 1404 2503 1471 utebatur.
2589 1401 2893 1468 Liberali·

510 1507 630 1574 bus
656 1509 960 1594 imprimis
986 1529 1057 1575 ac
1083 1508 1412 1593 splendidis
1442 1507 1726 1592 praemiis
1749 1509 1987 1575 afficere
2004 1509 2232 1575 solebat
2252 1529 2380 1587 eos,
2403 1527 2664 1593 quorum
2689 1525 2891 1591 opera

511 1622 576 1678 st
621 1603 887 1679 con‘siliis
937 1612 1002 1677 in
1040 1612 1510 1678 administranda
1548 1631 1618 1677 re
1655 1612 1889 1697 publicu
1915 1615 2314 1693 adiuvaretur,
2357 1631 2514 1697 quos
2542 1609 2890 1696 prudentia,

511 1734 716 1783 rerum
742 1736 890 1794 usu,
918 1736 1160 1783 morum
1190 1716 1531 1801 probitate
1514 1716 1813 1800 insignes,
1843 1738 1916 1784 ex
1948 1720 2114 1784 omni
2140 1717 2493 1785 Pomerania
2523 1716 2603 1783 ad
2631 1735 2704 1781 se
2730 1734 2887 1780 evo-

513 1830 681 1887 catos
723 1821 1006 1898 habebat,
1062 1829 1134 1888 ut
1162 1840 1346 1888 nemo
1384 1840 1580 1905 neque
1618 1820 2096 1907 promptioribus
2133 1841 2328 1906 neque
2364 1819 2723 1887 melioribus
2756 1820 2888 1884 mi-

399 2012 406 2020 ·
512 1925 721 1992 nisti-is
793 1934 1078 1993 uteretur.
1180 1926 1260 1992 Et
1306 1934 1432 1992 erat
1481 1924 1546 1989 in
1595 1925 1718 1991 boc
1766 1925 2181 1994 ministrorum
2232 1926 2467 1991 delectu
2510 1922 2886 1991 admirabilis

510 2029 771 2113 Bogislai
801 2032 1108 2114 sagacitas,
1136 2049 1289 2115 quae
1315 2047 1461 2096 sane
1488 2029 1721 2094 nonin
1732 2029 1999 2095 minimis
2022 2031 2391 2097 numeranda
2419 2038 2514 2094 est
2530 2029 2681 2093 boni
2700 2027 2887 2111 prin-

512 2134 1028 2217 &piem-tutibus,
1057 2143 1141 2214 ut,
1171 2154 1356 2219 quum
1388 2135 1512 2199 fleri
1542 2153 1670 2199 non
1700 2135 1915 2218 possit,
1943 2143 2010 2199 ιιι
2038 2153 2195 2200 unus
2225 2134 2428 2200 omnia
2448 2133 2644 2199 videat
2670 2131 2887 2197 omni·

433 2286 436 2291 -
510 2236 754 2323 busque
774 2240 1126 2325 prospiciat,
1153 2259 1262 2305 eos
1291 2238 1406 2304 'sibi
1435 2240 1598 2304 viros
1626 2239 1936 2320 adiungat,
1966 2239 2069 2324 qui
2099 2240 2357 2305 maxime
2384 2237 2507 2304 sint
2530 2237 2624 2302 vei
2649 2236 2729 2302 ad
2754 2235 2887 2301 irn-

509 2342 815 2426 pertienda
853 2344 945 2410 vel
983 2344 1060 2410 ad
1099 2344 1472 2442 exsequenda
1503 2343 1753 2410 consilia
1779 2344 2000 2408 idonei.
2090 2334 2294 2409 Talem
2322 2342 2636 2426 Bogislaus
2664 2339 2887 2406 babuit

510 2445 1058 2543 Schulenburgum,
1093 2451 1290 2516 virum
1318 2468 1444 2516 non
1472 2468 1687 2533 genere
1715 2449 1911 2532 magis
1941 2460 2123 2534 quam
2149 2447 2466 2514 virtutibus
2497 2447 2748 2522 clarum,
2778 2455 2885 2511 ta-

410 2560 479 2615 22
514 2550 640 2616 lem
665 2533 987 2637 Georgium
1022 2555 1357 2632 Kleistium,
1409 2554 1559 2619 civili
1602 2552 1926 2638 prudentia
1974 2553 2219 2619 nemine
2264 2552 2640 2627 inferiorem,
2690 2548 2880 2615 talem

509 2655 892 2736 nmium,
921 2658 1055 2724 belii
1084 2660 1369 2744 pacisque
1394 2658 1621 2724 artibus
1650 2657 1872 2742 pariter
1899 2658 2215 2742 insignem,
2244 2658 2423 2723 talem
2447 2655 2707 2739 denique
2726 2653 2884 2719 Sto—

507 2758 830 2839 ientinum,
862 2762 1074 2829 virum
1122 2762 1627 2839 literatissimum,
1676 2771 1739 2827 et
1773 2760 2141 2847 Bugenhagii
2188 2771 2365 2847 atque
2403 2760 2587 2827 Ulrici
2626 2758 2881 2824 Hutteni

506 2865 768 2932 amicitia
790 2874 853 2931 et
877 2865 1156 2932 laudibus
1184 2863 1580 2931 nobilitatum.
2950 2931 2957 2936 ,

679 2969 958 3037 Ceterum
983 2970 1065 3037 ita
1092 2971 1190 3036 his
1219 2969 1532 3054 Bogislaus
1571 2967 1848 3034 utebatur
1882 2970 2203 3049 ministris,
2243 2979 2312 3035 ιιι
2347 2897 2637 3035 'omnibus
2668 2978 2880 3036 tamen
3020 2956 3024 2960 ⁴

506 3074 690 3142 rebus
712 3071 1040 3160 gerendis
1022 3096 1154 3161 ipse
1181 3075 1516 3152 interesset,
1544 3092 1741 3157 neque
1767 3073 2093 3159 quidquam
2123 3094 2263 3141 eum
2293 3075 2536 3159 sugeret,
2567 3075 2731 3159 quod
2759 3075 2880 3139 ali-

505 3201 626 3266 quo
663 3182 854 3248 modo
890 3182 982 3247 ad·
1005 3199 1310 3250 summam
1347 3199 1476 3245 rem
1516 3178 1816 3262 publicam
1854 3179 2201 3263 pertineret.
2272 3178 2430 3256 Quid
2470 3180 2635 3263 quod
2673 3179 2898 3272 ipsam’

504 3307 635 3353 rem
665 3288 968 3372 publicam
997 3307 1126 3353 non
1154 3287 1236 3352 ita
1262 3284 1577 3359 tractabat,
1616 3283 1813 3367 itaque
1841 3285 1916 3350 ad
1944 3283 2285 3349 universam
2323 3283 2617 3349 <ivitatem
2646 3301 2878 3365 regen·

504 3391 641 3456 dam
674 3392 940 3458 studium
970 3393 1293 3469 conferret,
1328 3399 1398 3455 ιιι
1424 3407 1554 3455 ιιοιι
1582 3389 1760 3454 etiam
1792 3389 2052 3472 privatas
2082 3386 2460 3472 singulorum
2489 3407 2590 3452 res
2617 3385 2881 3452 libmter

505 3494 830 3581 respiceret
865 3503 925 3560 et
962 3505 1216 3561 curaret.
1274 3487 1465 3560 Nemo
1505 3512 1774 3577 unquam
1812 3493 1983 3571 civis,
2021 3493 2292 3577 quamvis
2330 3500 2497 3557 esset
2520 3491 2797 3568 humilis,
2841 3510 2878 3557 a

503 3600 797 3684 principis
823 3609 1151 3684 conspectu
1178 3607 1237 3664 et
1265 3598 1525 3682 alloquio
1555 3595 1897 3663 arcebatur:
1938 3599 2175 3681 patebat
2201 3598 2385 3663 cuivis
2416 3598 2493 3663 ad
2521 3597 2878 3681 Bogislaum

383 3709 394 3718 '
455 3775 463 3782 ,
505 3705 732 3771 aditus:
760 3705 894 3790 ipse
921 3706 1262 3789 frequenter
1285 3704 1351 3768 in
1381 3703 1687 3787 publicum
1716 3702 2001 3794 prodiens
2024 3721 2344 3768 sermones
2373 3721 2512 3767 cum
2542 3719 2878 3768 occurren-

503 3809 664 3875 tibus
694 3807 1058 3884 conterebat,
1088 3806 1323 3872 circulis
1352 3816 1530 3892 atque
1560 3804 1950 3871 conventibus
1988 3806 2468 3886 immiscebatur,
2496 3806 2550 3872 si
2592 3805 2735 3889 quid
2763 3826 2877 3871 es-

505 3923 614 3990 set,
642 3913 804 3996 quod
833 3921 935 3977 aut
961 3920 1319 3996 petere,·aut
1347 3910 1546 3994 queri,
1586 3919 1689 3975 aut
1726 3911 2175 3976 communicare
2201 3930 2404 3978 secum
2434 3910 2670 3985 vellent,
2710 3910 2772 3975 id
2804 3921 2880 3976 ιιι

503 4018 690 4084 libere
716 4020 1058 4103 proferrent
1082 4016 1246 4081 ultro
1269 4014 1643 4079 hortabatur.
1699 4014 1776 4079 Et
1813 4015 1998 4080 fertur
2037 4015 2356 4099 aliquando
2397 4035 2587 4100 quum
2622 4033 2733 4098 per
2760 4034 2876 4080 ur·

504 4124 640 4188 bem
689 4123 1000 4188 ambulans
1050 4120 1277 4187 multos
1316 4120 1538 4184 videret
1583 4128 1720 4184 ante
1770 4119 2205 4203 Schulenburgi
2243 4119 2422 4185 aedes
2455 4128 2878 4206 congregatos,

504 4226 726 4291 adiisse
751 4236 812 4290 et
839 4235 1289 4308 percunctatum
1320 4244 1476 4301 esse,
1504 4243 1652 4290 num
1682 4224 1823 4307 quid
1854 4224 2203 4302 accidisset,
2232 4234 2292 4289 et
2319 4215 2470 4309 quae
2497 4242 2675 4289 causa
2702 4236 2882 4290 esset

504 4331 652 4394 tanti
683 4323 1036 4394 concursus.
1092 4329 1180 4393 nli
1210 4327 1428 4394 habere
1454 4347 1522 4392 se
1550 4329 1745 4404 aiunt,
1785 4330 1948 4412 qu'od
1989 4348 2023 4413 a
2053 4325 2324 4414 principe
2360 4318 2651 4413 peterent,
2683 4325 2881 4411 idque

1383 4447 1490 4476 ν-

2338 4575 2395 4633 ,Q
