3102 4866
1355 278 1479 342 461

238 481 355 547 qua
398 464 531 546 ipse
570 472 759 530 aetate
803 465 979 531 ruerit
1020 475 1080 530 et
1124 468 1342 550 quibus
1371 467 1507 533 belli
1534 467 1779 551 gerendi
1809 465 2093 532 subsidiis
2120 466 2482 541 instructus,
2534 473 2598 528 et
2710 510 2723 521 .

238 567 472 651 qualem
503 568 912 635 adversarium
939 570 1210 637 babuerit
1237 573 1637 656 reputandum
1665 581 1775 638 est.
1841 571 2206 637 Adolescens
2234 570 2399 635 enim
2426 587 2594 634 exa·-
2722 569 2733 578 '

236 671 422 738 citum
459 673 626 738 duxit
661 674 900 744 vixdum
930 695 964 739 e
991 675 1247 759 pueritia
1288 712 1376 726 —
1418 687 1479 742 et
1505 677 1666 761 quali
1693 676 1949 762 pueritia
1989 673 2076 724 —'-
2121 693 2427 760 egressus:
2476 692 2599 758 qua

235 785 427 843 aetate
468 777 615 843 alios
660 778 891 844 tirones
919 779 1191 845 videmus
1233 790 1646 847 veteranorum
1678 779 2070 846 contubernio
2099 779 2175 844 ad
2204 779 2426 844 bellum
2454 796 2595 843 em·
2685 799 2693 806 ·

238 881 381 959 diri,
406 881 638 947 ‘eadem
676 882 801 959 ille,
855 884 957 966 qui
995 902 1307 970 nunquam
1344 894 1482 950 ante
1507 874 1732 964 castra,
1781 903 2089 968 nunquam
2107 883 2307 949 aciem
2333 884 2598 958 vidisset,

239 986 371 1070 ipse
394 986 722 1069 imperator
747 988 1063 1053 naviteret
1089 988 1384 1073 intrepide
1407 988 1629 1054 bellum
1659 989 1865 1073 gessit,
1894 997 1952 1054 et
1981 996 2190 1054 contra
2220 1007 2359 1054 eum
2388 987 2599 1053 adver·

242 1089 465 1154 sarium
504 1088 718 1172 gessit,
771 1110 894 1174 quo
927 1110 1108 1156 nemo
1138 1101 1285 1157 tunc
1311 1112 1386 1157 ex
1416 1092 1768 1158 Germaniae
1797 1092 2167 1177 principibus
2196 1091 2400 1158 bellica
2426 1090 2600 1156 laude

239 1194 434 1277 magis
472 1193 740 1259 florebat.
826 1196 917 1260 Ab
958 1197 1079 1261 boc
1105 1196 1283 1260 etiam
1313 1195 1468 1261 vinci
1496 1216 1626 1262 non
1654 1206 1830 1280 turpe
1857 1196 1995 1260 suit:
2040 1216 2247 1281 parem
2277 1195 2600 1270 discedere,

241 1298 601 1380 gloriosum:
653 1299 1025 1382 superiorem
1058 1319 1197 1365 vero
1226 1301 1488 1378 evadere,
1518 1318 1770 1383 magnae
1799 1319 1944 1365 sane
1972 1310 2148 1383 atque
2177 1298 2452 1364 insolitae
2478 1299 2600 1363 vir·

240 1402 387 1468 tutis
417 1402 861 1469 documentum.
884 1439 972 1452 --
992 1404 1195 1488 Neque
1223 1413 1426 1470 tamen
1445 1405 1757 1487 Bogislaus
1786 1411 1909 1469 tam
1940 1402 2095 1468 felici
2122 1421 2429 1469 armorum
2459 1421 2602 1468 suc·

242 1525 416 1571 cessu
454 1507 645 1572 elatus
684 1515 744 1572 et
771 1507 993 1591 gloriae
1019 1508 1307 1575 illecebris
1337 1519 1547 1594 captus
1576 1508 1736 1573 bello
1766 1507 2036 1585 studere,
2088 1507 2335 1591 eiusque
2362 1506 2603 1588 gerendi

244 1629 456 1677 causas
495 1620 673 1694 atque
708 1613 1192 1696 opportunitates
1230 1614 1448 1698 cupide
1488 1613 1952 1697 circumspicere
1968 1676 1973 1682 ,
1989 1611 2215 1696 coepit:
2260 1612 2424 1695 quod
2452 1610 2607 1676 solet

242 1717 368 1782 lere
395 1717 616 1782 malum
646 1717 961 1783 bellicosae
990 1719 1330 1804 principum
1361 1718 1563 1783 virtuti
1590 1719 1936 1784 adiunctum
1965 1736 2128 1781 esse:
2172 1716 2336 1800 pacis
2362 1734 2604 1799 semper
2639 1727 2707 1780 20

244 1820 692 1886 amantissimus
720 1822 852 1900 suit,
882 1831 943 1887 et
970 1822 1298 1906 gloriosius
1316 1823 1496 1888 duxit
1523 1841 1778 1888 suorum
1808 1822 2063 1888 salutem
2091 1828 2267 1904 atque
2285 1821 2606 1886 incolumi-

249 1934 430 1991 tatem
459 1934 704 2009 paterna
734 1946 878 1992 cura
906 1928 1340 2010 tueriremque
1366 1925 1666 2011 publicam
1698 1926 1913 2010 quietis
1941 1935 2119 2009 atque
2146 1926 2254 1991 otii
2283 1924 2462 1990 bonis
2486 1924 2606 1990 flo-

246 2040 479 2096 rentem
530 2031 843 2096 salubriter
889 2030 1333 2110 administrare‚
1385 2050 1566 2115 quam
1603 2030 1774 2095 bellis
1814 2031 2047 2095 sortiter
2080 2029 2356 2112 gerendis
2384 2031 2605 2095 famam
2648 2076 2655 2083 -

248 2154 550 2219 quaerere.
636 2135 839 2220 ltaque
888 2143 1032 2220 post
1080 2155 1291 2219 pacem
1332 2153 1470 2200 cum
1497 2133 1741 2200 Alberto
1780 2133 2183 2218 compositam
2218 2133 2285 2198 in
2320 2133 2443 2198 boc
2483 2150 2606 2198 uno

249 2259 432 2305 omne
480 2240 744 2305 studium
796 2239 1131 2316 collocavit,
1182 2247 1253 2304 ut
1287 2238 1441 2304 bene
1481 2241 1703 2309 faceret
1739 2237 1825 2303 rei
1855 2238 2142 2321 publicae.
2230 2239 2315 2303 Ac
2343 2237 2606 2320 primum

248 2344 515 2428 quidem,
562 2362 747 2428 quum
787 2345 991 2410 multis
1036 2344 1135 2407 illo
1166 2351 1442 2427 tempore
1470 2342 1797 2433 latrociniis
1825 2341 2183 2407 Pomerania
2208 2341 2607 2418 infestaretur,

249 2450 426 2515 etiam
445 2469 480 2514 a
500 2450 803 2516 nobilibus
833 2450 1191 2534 quibusdam
1220 2449 1586 2527 bominibus,
1616 2448 1736 2532 qui,
1766 2456 1834 2513 ut
1860 2456 2029 2513 erant
2055 2448 2362 2513 etiamtum
2389 2466 2611 2524 mores,

250 2554 617 2619 nobilitatem
663 2573 836 2620 suam
880 2573 1007 2619 non
1036 2553 1221 2638 pollui
1250 2553 1691 2619 arbitrabantur
1716 2552 2087 2642 plebeiorum
2117 2552 2435 2617 hominum
2466 2571 2607 2617 san·

250 2658 430 2740 guina
459 2667 521 2723 et
546 2658 778 2743 spoliis,
808 2658 1226 2743 impunitatem
1254 2667 1454 2724 autem
1481 2658 1683 2723 adbuc
1705 2658 1873 2721 inter
1892 2656 2173 2721 continua
2193 2656 2369 2734 bella,
2393 2656 2610 2740 quibus

248 2761 605 2827 Pomerania
644 2762 843 2828 omnis
882 2761 1228 2847 perturbata
1264 2762 1482 2836 suerat,
1535 2760 1705 2826 facile
1739 2761 1895 2826 nacti
1933 2773 2132 2827 erant:
2175 2760 2318 2826 huic
2345 2761 2609 2844 primum

249 2864 408 2929 malo
439 2864 750 2947 Bogislaus
782 2865 1222 2930 occurrendum
1253 2883 1388 2928 esse
1418 2864 1643 2930 statuit.
1731 2864 1916 2949 Igitur
1942 2865 2099 2931 haud
2130 2883 2266 2930 raro
2300 2884 2438 2930 cum
2464 2866 2613 2930 lecta

250 2986 503 3032 suorum
534 2987 719 3034 manu
745 2968 877 3052 ipse
906 2968 1242 3052 provincias
1272 2969 1644 3052 peragrabat,
1671 2970 1974 3035 latronum
2004 2967 2372 3053 receptacula
2401 2969 2611 3052 exqui-

249 3071 451 3149 rebat,
497 3073 736 3138 castella
772 3074 1145 3158 expugnabat
1173 3093 1246 3138 ac
1271 3073 1540 3138 diruebat
1558 3123 1575 3151 ,
1624 3083 1976 3158 tantumque
2004 3074 2117 3138 illis
2148 3073 2312 3138 brevi
2344 3082 2614 3155 tempore

251 3188 544 3242 terrorem
572 3178 855 3252 incussit,
896 3187 962 3243 nt
988 3197 1287 3262 nusquam
1309 3179 1603 3261 posthac,
1634 3178 1778 3244 dum
1806 3179 1940 3263 ipse
1967 3178 2220 3254 vivebat,
2247 3176 2463 3242 inventi
2488 3176 2616 3240 sint

251 3280 356 3364 qui
392 3280 728 3346 latrocinari
749 3282 1071 3358 auderent,
1111 3292 1173 3347 et
1201 3299 1311 3365 per
1340 3290 1529 3346 totam
1559 3280 1975 3345 Pomeraniam
2007 3281 2184 3345 etiam
2214 3280 2319 3364 qui
2347 3279 2613 3344 inermes

254 3392 314 3448 et
350 3385 466 3450 soli
495 3394 562 3450 et·
584 3386 1035 3470 pretiosissimis
1065 3386 1247 3451 rebus
1279 3385 1482 3450 onusti
1510 3394 1949 3462 commearent,
1994 3384 2059 3449 in
2086 3384 2200 3449 viis
2231 3402 2470 3468 quoque
2498 3391 2615 3467 pu-

251 3487 423 3552 blicis
449 3507 577 3553 non
605 3488 806 3555 minus
835 3509 1011 3573 quam
1034 3509 1182 3555 suos
1211 3489 1366 3554 intra
1395 3489 1648 3573 parietes
1677 3489 1792 3555 tuti
1818 3508 1892 3554 ac
1912 3488 2106 3554 securi
2127 3499 2450 3554 essent—
2468 3486 2615 3552 Dein

258 3610 443 3674 quum
495 3593 673 3658 etiam
724 3594 1023 3659 redituum
1075 3594 1452 3679 publicorum
1490 3595 1643 3659 ratio
1684 3594 2011 3659 admodum
2050 3593 2396 3677 perturbata
2436 3601 2617 3667 esset,

261 3696 574 3780 omnisque
601 3717 810 3764 eorum
839 3699 1270 3764 administratio
1299 3698 1458 3763 nulla
1487 3707 1649 3763 certa
1675 3698 1805 3781 lege
1833 3697 2120 3781 nulloque
2145 3697 2357 3763 ordine
2385 3705 2616 3779 tempe-
2710 3709 2729 3721 ·

257 3808 387 3863 rata
421 3808 481 3863 et
521 3801 842 3886 descripta,
888 3803 1119 3885 publica
1157 3786 1344 3867 multa
1379 3823 1416 3868 a
1451 3802 1696 3885 privatis
1739 3810 2053 3885 occupata,
2098 3801 2350 3867 aliomm
2392 3801 2619 3865 fluctus

256 3900 671 3968 ministrorum
711 3905 799 3969 vel
837 3906 1075 3971 avaritia
1104 3906 1195 3970 vel
1221 3906 1450 3971 incuria
1479 3906 1823 3990 intercepti,
1853 3906 2280 3989 publicumque
2308 3903 2620 3980 aerarium,

255 4004 403 4069 dum
431 4007 610 4089 pauci
639 4007 962 4093 locupletes
993 4010 1240 4087 fiebant,
1284 4010 1640 4075 exhaustum
1669 4021 1860 4086 esset,
1890 4018 2068 4075 utne
2095 4010 2351 4075 maxime
2378 4009 2617 4092 quidem

256 4110 982 4196 necessariissumptibus
1013 4115 1333 4191 sufficeret,
1364 4133 1550 4197 eaque
1578 4114 1785 4198 inopia
1813 4131 2056 4178 omnem
2086 4133 2291 4179 rerum
2323 4112 2614 4196 gerenda,-
2650 4116 2714 4170 21

254 4233 394 4279 rum
421 4215 757 4281 (affinitatem
785 4217 1100 4300 impediret
1126 4238 1198 4284 ac
1221 4219 1573 4284 retardaret:
1603 4218 1746 4284 huic
1773 4237 2013 4303 quoque
2040 4219 2200 4284 malo
2224 4219 2475 4285 celerem
2494 4218 2621 4284 Bo-

257 4318 478 4402 gislaus
514 4329 692 4404 atque
720 4321 1016 4388 efficacem
1047 4324 1406 4388 medicinam
1436 4322 1723 4389 adhibuit.
1808 4323 2158 4407 Assumptis
2185 4321 2346 4389 enim
2377 4323 2440 4388 in
2464 4341 2619 4389 con-
