<?xml version="1.0" encoding="UTF-8"?>
<!DOCTYPE html PUBLIC "-//W3C//DTD XHTML 1.0 Transitional//EN"
    "http://www.w3.org/TR/xhtml1/DTD/xhtml1-transitional.dtd">
<html xmlns="http://www.w3.org/1999/xhtml" xml:lang="en" lang="en">
 <head>
  <title>
</title>
<meta http-equiv="Content-Type" content="text/html;charset=utf-8" />
  <meta name='ocr-system' content='tesseract 3.04.00' />
  <meta name='ocr-capabilities' content='ocr_page ocr_carea ocr_par ocr_line ocrx_word'/>
</head>
<body>
  <div class='ocr_page' id='page_1' title='image "./opusculaacademi04schgoog_0469.png"; bbox 0 0 3102 4866; ppageno 0'>
   <div class='ocr_carea' id='block_1_1' title="bbox 1364 297 1493 364">
    <p class='ocr_par' dir='ltr' id='par_1_1' title="bbox 1364 297 1493 364">
     <span class='ocr_line' id='line_1_1' title="bbox 1364 297 1493 364; baseline -0.008 0"><span class='ocrx_word' id='word_1_1' title='bbox 1364 297 1493 364; x_wconf 74' lang='lat'><strong>459</strong></span> 
     </span>
    </p>
   </div>
   <div class='ocr_carea' id='block_1_2' title="bbox 1226 387 1635 400">
    <p class='ocr_par' dir='ltr' id='par_1_2' title="bbox 1226 387 1635 400">
     <span class='ocr_line' id='line_1_2' title="bbox 1226 387 1635 400; baseline 0 4466"><span class='ocrx_word' id='word_1_2' title='bbox 1226 387 1635 400; x_wconf 95' lang='lat' dir='ltr'><strong> </strong></span> 
     </span>
    </p>
   </div>
   <div class='ocr_carea' id='block_1_3' title="bbox 256 436 2614 785">
    <p class='ocr_par' dir='ltr' id='par_1_3' title="bbox 256 436 2614 785">
     <span class='ocr_line' id='line_1_3' title="bbox 258 436 2611 574; baseline -0.004 -16"><span class='ocrx_word' id='word_1_3' title='bbox 258 492 536 558; x_wconf 87' lang='lat' dir='ltr'><strong>heredem</strong></span> <span class='ocrx_word' id='word_1_4' title='bbox 572 486 710 555; x_wconf 79' lang='lat' dir='ltr'><strong>esse</strong></span> <span class='ocrx_word' id='word_1_5' title='bbox 743 487 1100 574; x_wconf 83' lang='lat' dir='ltr'><strong>postulavit,</strong></span> <span class='ocrx_word' id='word_1_6' title='bbox 1134 436 1410 554; x_wconf 82' lang='lat' dir='ltr'><strong>causatus</strong></span> <span class='ocrx_word' id='word_1_7' title='bbox 1451 486 1658 563; x_wconf 84' lang='lat' dir='ltr'><strong>nescio</strong></span> <span class='ocrx_word' id='word_1_8' title='bbox 1703 507 1852 572; x_wconf 86' lang='lat' dir='ltr'><strong>quas</strong></span> <span class='ocrx_word' id='word_1_9' title='bbox 1884 486 2227 572; x_wconf 74' lang='lat' dir='ltr'><strong>pactiones,</strong></span> <span class='ocrx_word' id='word_1_10' title='bbox 2272 502 2424 568; x_wconf 83' lang='lat' dir='ltr'><strong>quas</strong></span> <span class='ocrx_word' id='word_1_11' title='bbox 2463 483 2611 548; x_wconf 82' lang='lat' dir='ltr'><strong>olim</strong></span> 
     </span>
     <span class='ocr_line' id='line_1_4' title="bbox 257 589 2611 673; baseline -0.003 -12"><span class='ocrx_word' id='word_1_12' title='bbox 257 616 294 661; x_wconf 90' lang='lat' dir='ltr'><strong>a</strong></span> <span class='ocrx_word' id='word_1_13' title='bbox 344 594 765 661; x_wconf 69' lang='lat' dir='ltr'><strong>decessoribus</strong></span> <span class='ocrx_word' id='word_1_14' title='bbox 837 593 966 660; x_wconf 87' lang='lat' dir='ltr'><strong>suis</strong></span> <span class='ocrx_word' id='word_1_15' title='bbox 1019 611 1174 659; x_wconf 69' lang='lat' dir='ltr'><strong>cum</strong></span> <span class='ocrx_word' id='word_1_16' title='bbox 1232 592 1517 657; x_wconf 86' lang='lat' dir='ltr'><strong>Barnimo</strong></span> <span class='ocrx_word' id='word_1_17' title='bbox 1590 593 1775 657; x_wconf 78' lang='lat' dir='ltr'><strong>tactas</strong></span> <span class='ocrx_word' id='word_1_18' title='bbox 1822 611 1963 657; x_wconf 84' lang='lat' dir='ltr'><strong>esse</strong></span> <span class='ocrx_word' id='word_1_19' title='bbox 2020 590 2263 656; x_wconf 85' lang='lat' dir='ltr'><strong>diceret.-</strong></span> <span class='ocrx_word' id='word_1_20' title='bbox 2369 589 2611 673; x_wconf 66' lang='lat' dir='ltr'><strong>Etpa-</strong></span> 
     </span>
     <span class='ocr_line' id='line_1_5' title="bbox 256 694 2614 785; baseline -0.003 -21"><span class='ocrx_word' id='word_1_21' title='bbox 256 701 529 785; x_wconf 86' lang='lat' dir='ltr'><strong>pigerant</strong></span> <span class='ocrx_word' id='word_1_22' title='bbox 590 717 738 764; x_wconf 89' lang='lat' dir='ltr'><strong>sane</strong></span> <span class='ocrx_word' id='word_1_23' title='bbox 796 698 904 777; x_wconf 87' lang='lat' dir='ltr'><strong>illi,</strong></span> <span class='ocrx_word' id='word_1_24' title='bbox 972 705 1041 763; x_wconf 88' lang='lat' dir='ltr'><strong>ut</strong></span> <span class='ocrx_word' id='word_1_25' title='bbox 1108 696 1161 762; x_wconf 89' lang='lat' dir='ltr'><strong>si</strong></span> <span class='ocrx_word' id='word_1_26' title='bbox 1223 696 1491 761; x_wconf 85' lang='lat' dir='ltr'><strong>interiret</strong></span> <span class='ocrx_word' id='word_1_27' title='bbox 1554 696 1821 761; x_wconf 75' lang='lat' dir='ltr'><strong>Bai-nimi</strong></span> <span class='ocrx_word' id='word_1_28' title='bbox 1893 697 2140 773; x_wconf 80' lang='lat' dir='ltr'><strong>domus,</strong></span> <span class='ocrx_word' id='word_1_29' title='bbox 2206 695 2276 759; x_wconf 86' lang='lat' dir='ltr'><strong>in</strong></span> <span class='ocrx_word' id='word_1_30' title='bbox 2337 694 2468 760; x_wconf 89' lang='lat' dir='ltr'><strong>eius</strong></span> <span class='ocrx_word' id='word_1_31' title='bbox 2513 694 2614 759; x_wconf 89' lang='lat' dir='ltr'><strong>lo-</strong></span> 
     </span>
    </p>
   </div>
   <div class='ocr_carea' id='block_1_4' title="bbox 259 797 2714 885">
    <p class='ocr_par' dir='ltr' id='par_1_4' title="bbox 259 797 2714 885">
     <span class='ocr_line' id='line_1_6' title="bbox 259 797 2714 885; baseline -0.002 -16"><span class='ocrx_word' id='word_1_32' title='bbox 259 823 394 869; x_wconf 89' lang='lat' dir='ltr'><strong>cum</strong></span> <span class='ocrx_word' id='word_1_33' title='bbox 437 803 813 869; x_wconf 75' lang='lat' dir='ltr'><strong>Marchiones</strong></span> <span class='ocrx_word' id='word_1_34' title='bbox 862 801 1274 878; x_wconf 81' lang='lat' dir='ltr'><strong>succederent3</strong></span> <span class='ocrx_word' id='word_1_35' title='bbox 1325 800 1488 884; x_wconf 88' lang='lat' dir='ltr'><strong>atqui</strong></span> <span class='ocrx_word' id='word_1_36' title='bbox 1528 818 1715 883; x_wconf 86' lang='lat' dir='ltr'><strong>quum</strong></span> <span class='ocrx_word' id='word_1_37' title='bbox 1757 800 1953 885; x_wconf 87' lang='lat' dir='ltr'><strong>agnati</strong></span> <span class='ocrx_word' id='word_1_38' title='bbox 1979 798 2272 877; x_wconf 88' lang='lat' dir='ltr'><strong>Barnimi‚</strong></span> <span class='ocrx_word' id='word_1_39' title='bbox 2312 797 2613 864; x_wconf 73' lang='lat' dir='ltr'><strong>citerioris</strong></span> <span class='ocrx_word' id='word_1_40' title='bbox 2703 800 2714 808; x_wconf 83' lang='lat'><strong>‘</strong></span> 
     </span>
    </p>
   </div>
   <div class='ocr_carea' id='block_1_5' title="bbox 256 903 2707 1200">
    <p class='ocr_par' dir='ltr' id='par_1_5' title="bbox 256 903 2707 1200">
     <span class='ocr_line' id='line_1_7' title="bbox 256 903 2707 1005; baseline -0.002 -32"><span class='ocrx_word' id='word_1_41' title='bbox 256 907 647 974; x_wconf 89' lang='lat' dir='ltr'><strong>Pomeraniae</strong></span> <span class='ocrx_word' id='word_1_42' title='bbox 671 906 973 991; x_wconf 87' lang='lat' dir='ltr'><strong>principes</strong></span> <span class='ocrx_word' id='word_1_43' title='bbox 986 952 1003 983; x_wconf 93' lang='lat'><strong>,</strong></span> <span class='ocrx_word' id='word_1_44' title='bbox 1041 923 1163 970; x_wconf 89' lang='lat' dir='ltr'><strong>non</strong></span> <span class='ocrx_word' id='word_1_45' title='bbox 1196 903 1676 983; x_wconf 86' lang='lat' dir='ltr'><strong>consensissent,</strong></span> <span class='ocrx_word' id='word_1_46' title='bbox 1704 904 2030 989; x_wconf 77' lang='lat' dir='ltr'><strong>apparebat</strong></span> <span class='ocrx_word' id='word_1_47' title='bbox 2057 921 2201 998; x_wconf 80' lang='lat' dir='ltr'><strong>sane</strong></span> <span class='ocrx_word' id='word_1_48' title='bbox 2227 903 2451 1005; x_wconf 84' lang='lat' dir='ltr'><strong>nullam</strong></span> <span class='ocrx_word' id='word_1_49' title='bbox 2476 922 2615 968; x_wconf 82' lang='lat' dir='ltr'><strong>esse</strong></span> <span class='ocrx_word' id='word_1_50' title='bbox 2698 919 2707 923; x_wconf 86' lang='grc'><em>·</em></span> 
     </span>
     <span class='ocr_line' id='line_1_8' title="bbox 257 1008 2613 1095; baseline -0.001 -17"><span class='ocrx_word' id='word_1_51' title='bbox 257 1010 548 1079; x_wconf 88' lang='lat' dir='ltr'><strong>eiusmodi</strong></span> <span class='ocrx_word' id='word_1_52' title='bbox 589 1011 884 1095; x_wconf 89' lang='lat' dir='ltr'><strong>pactionis</strong></span> <span class='ocrx_word' id='word_1_53' title='bbox 922 1010 1070 1088; x_wconf 81' lang='lat' dir='ltr'><strong>vim,</strong></span> <span class='ocrx_word' id='word_1_54' title='bbox 1122 1029 1274 1093; x_wconf 88' lang='lat' dir='ltr'><strong>qnae</strong></span> <span class='ocrx_word' id='word_1_55' title='bbox 1304 1017 1512 1074; x_wconf 88' lang='lat' dir='ltr'><strong>contra</strong></span> <span class='ocrx_word' id='word_1_56' title='bbox 1548 1009 1644 1074; x_wconf 90' lang='lat' dir='ltr'><strong>ius</strong></span> <span class='ocrx_word' id='word_1_57' title='bbox 1666 1019 1744 1074; x_wconf 64' lang='lat' dir='ltr'><strong>‘et</strong></span> <span class='ocrx_word' id='word_1_58' title='bbox 1766 1010 1967 1075; x_wconf 82' lang='lat' dir='ltr'><strong>invitis</strong></span> <span class='ocrx_word' id='word_1_59' title='bbox 1996 1009 2224 1093; x_wconf 79' lang='lat' dir='ltr'><strong>agnatis</strong></span> <span class='ocrx_word' id='word_1_60' title='bbox 2254 1008 2613 1075; x_wconf 79' lang='lat' dir='ltr'><strong>facta-esset.</strong></span> 
     </span>
     <span class='ocr_line' id='line_1_9' title="bbox 257 1112 2610 1200; baseline -0.001 -18"><span class='ocrx_word' id='word_1_61' title='bbox 257 1120 580 1200; x_wconf 77' lang='lat' dir='ltr'><strong>Propterea</strong></span> <span class='ocrx_word' id='word_1_62' title='bbox 602 1115 952 1182; x_wconf 87' lang='lat' dir='ltr'><strong>Wartislaus</strong></span> <span class='ocrx_word' id='word_1_63' title='bbox 981 1123 1042 1180; x_wconf 88' lang='lat' dir='ltr'><strong>et</strong></span> <span class='ocrx_word' id='word_1_64' title='bbox 1069 1114 1306 1191; x_wconf 83' lang='lat' dir='ltr'><strong>Ericus,</strong></span> <span class='ocrx_word' id='word_1_65' title='bbox 1335 1114 1467 1179; x_wconf 90' lang='lat' dir='ltr'><strong>iure</strong></span> <span class='ocrx_word' id='word_1_66' title='bbox 1495 1132 1609 1179; x_wconf 90' lang='lat' dir='ltr'><strong>sno</strong></span> <span class='ocrx_word' id='word_1_67' title='bbox 1639 1114 1752 1192; x_wconf 87' lang='lat' dir='ltr'><strong>nsi,</strong></span> <span class='ocrx_word' id='word_1_68' title='bbox 1783 1132 2027 1178; x_wconf 90' lang='lat' dir='ltr'><strong>omnem</strong></span> <span class='ocrx_word' id='word_1_69' title='bbox 2055 1113 2215 1178; x_wconf 86' lang='lat' dir='ltr'><strong>illam</strong></span> <span class='ocrx_word' id='word_1_70' title='bbox 2242 1112 2610 1195; x_wconf 66' lang='lat' dir='ltr'><strong>provintiam</strong></span> 
     </span>
    </p>
   </div>
   <div class='ocr_carea' id='block_1_6' title="bbox 219 1218 2613 1305">
    <p class='ocr_par' dir='ltr' id='par_1_6' title="bbox 219 1218 2613 1305">
     <span class='ocr_line' id='line_1_10' title="bbox 219 1218 2613 1305; baseline -0.001 -20"><span class='ocrx_word' id='word_1_71' title='bbox 219 1282 232 1285; x_wconf 81' lang='grc'><strong><em>,</em></strong></span> <span class='ocrx_word' id='word_1_72' title='bbox 258 1228 625 1303; x_wconf 81' lang='lat' dir='ltr'><strong>occuparunt</strong></span> <span class='ocrx_word' id='word_1_73' title='bbox 648 1228 711 1285; x_wconf 89' lang='lat' dir='ltr'><strong>et</strong></span> <span class='ocrx_word' id='word_1_74' title='bbox 736 1220 802 1284; x_wconf 90' lang='lat' dir='ltr'><strong>in</strong></span> <span class='ocrx_word' id='word_1_75' title='bbox 823 1230 996 1285; x_wconf 89' lang='lat' dir='ltr'><strong>suam</strong></span> <span class='ocrx_word' id='word_1_76' title='bbox 1026 1220 1205 1285; x_wconf 86' lang='lat' dir='ltr'><strong>fldem</strong></span> <span class='ocrx_word' id='word_1_77' title='bbox 1232 1228 1606 1305; x_wconf 85' lang='lat' dir='ltr'><strong>receperunt.</strong></span> <span class='ocrx_word' id='word_1_78' title='bbox 1680 1218 2019 1282; x_wconf 85' lang='lat' dir='ltr'><strong>Fridericus</strong></span> <span class='ocrx_word' id='word_1_79' title='bbox 2047 1225 2265 1294; x_wconf 88' lang='lat' dir='ltr'><strong>autem,</strong></span> <span class='ocrx_word' id='word_1_80' title='bbox 2290 1218 2456 1300; x_wconf 88' lang='lat' dir='ltr'><strong>quod</strong></span> <span class='ocrx_word' id='word_1_81' title='bbox 2484 1218 2613 1283; x_wconf 87' lang='lat' dir='ltr'><strong>iure</strong></span> 
     </span>
    </p>
   </div>
   <div class='ocr_carea' id='block_1_7' title="bbox 256 1322 2621 1617">
    <p class='ocr_par' dir='ltr' id='par_1_7' title="bbox 256 1322 2621 1617">
     <span class='ocr_line' id='line_1_11' title="bbox 256 1322 2612 1410; baseline -0.001 -21"><span class='ocrx_word' id='word_1_82' title='bbox 256 1324 456 1410; x_wconf 85' lang='lat' dir='ltr'><strong>perfici</strong></span> <span class='ocrx_word' id='word_1_83' title='bbox 484 1341 613 1388; x_wconf 90' lang='lat' dir='ltr'><strong>non</strong></span> <span class='ocrx_word' id='word_1_84' title='bbox 641 1332 895 1408; x_wconf 85' lang='lat' dir='ltr'><strong>poterat,</strong></span> <span class='ocrx_word' id='word_1_85' title='bbox 924 1325 1108 1389; x_wconf 90' lang='lat' dir='ltr'><strong>armis</strong></span> <span class='ocrx_word' id='word_1_86' title='bbox 1137 1323 1513 1389; x_wconf 86' lang='lat' dir='ltr'><strong>efficiendum</strong></span> <span class='ocrx_word' id='word_1_87' title='bbox 1542 1332 1727 1400; x_wconf 83' lang='lat' dir='ltr'><strong>ratus,</strong></span> <span class='ocrx_word' id='word_1_88' title='bbox 1756 1322 1972 1406; x_wconf 88' lang='lat' dir='ltr'><strong>quibus</strong></span> <span class='ocrx_word' id='word_1_89' title='bbox 1996 1341 2066 1386; x_wconf 89' lang='lat' dir='ltr'><strong>se</strong></span> <span class='ocrx_word' id='word_1_90' title='bbox 2086 1322 2460 1405; x_wconf 87' lang='lat' dir='ltr'><strong>superiorem</strong></span> <span class='ocrx_word' id='word_1_91' title='bbox 2479 1323 2612 1387; x_wconf 77' lang='lat' dir='ltr'><strong>fore</strong></span> 
     </span>
     <span class='ocr_line' id='line_1_12' title="bbox 256 1424 2621 1514; baseline -0.003 -20"><span class='ocrx_word' id='word_1_92' title='bbox 256 1428 558 1514; x_wconf 80' lang='lat' dir='ltr'><strong>sperabat,</strong></span> <span class='ocrx_word' id='word_1_93' title='bbox 594 1428 830 1512; x_wconf 85' lang='lat' dir='ltr'><strong>magnis</strong></span> <span class='ocrx_word' id='word_1_94' title='bbox 870 1429 1061 1512; x_wconf 88' lang='lat' dir='ltr'><strong>copiis</strong></span> <span class='ocrx_word' id='word_1_95' title='bbox 1108 1429 1429 1494; x_wconf 85' lang='lat' dir='ltr'><strong>contractis</strong></span> <span class='ocrx_word' id='word_1_96' title='bbox 1458 1427 1679 1493; x_wconf 88' lang='lat' dir='ltr'><strong>bellum</strong></span> <span class='ocrx_word' id='word_1_97' title='bbox 1707 1425 2097 1491; x_wconf 88' lang='lat' dir='ltr'><strong>Pomeraniae</strong></span> <span class='ocrx_word' id='word_1_98' title='bbox 2123 1424 2348 1503; x_wconf 87' lang='lat' dir='ltr'><strong>intulit,</strong></span> <span class='ocrx_word' id='word_1_99' title='bbox 2386 1432 2452 1489; x_wconf 89' lang='lat' dir='ltr'><strong>et</strong></span> <span class='ocrx_word' id='word_1_100' title='bbox 2476 1424 2621 1489; x_wconf 85' lang='lat' dir='ltr'><strong>licet·</strong></span> 
     </span>
     <span class='ocr_line' id='line_1_13' title="bbox 256 1528 2613 1617; baseline -0.001 -19"><span class='ocrx_word' id='word_1_101' title='bbox 256 1534 495 1617; x_wconf 82' lang='lat' dir='ltr'><strong>saepius</strong></span> <span class='ocrx_word' id='word_1_102' title='bbox 534 1531 816 1617; x_wconf 88' lang='lat' dir='ltr'><strong>repulsus</strong></span> <span class='ocrx_word' id='word_1_103' title='bbox 854 1542 1037 1607; x_wconf 86' lang='lat' dir='ltr'><strong>esset,</strong></span> <span class='ocrx_word' id='word_1_104' title='bbox 1090 1532 1304 1598; x_wconf 85' lang='lat' dir='ltr'><strong>Ericus</strong></span> <span class='ocrx_word' id='word_1_105' title='bbox 1333 1539 1565 1609; x_wconf 87' lang='lat' dir='ltr'><strong>tamen,</strong></span> <span class='ocrx_word' id='word_1_106' title='bbox 1613 1531 1750 1596; x_wconf 89' lang='lat' dir='ltr'><strong>belli</strong></span> <span class='ocrx_word' id='word_1_107' title='bbox 1778 1539 2115 1615; x_wconf 87' lang='lat' dir='ltr'><strong>pertaesus,</strong></span> <span class='ocrx_word' id='word_1_108' title='bbox 2168 1548 2356 1613; x_wconf 88' lang='lat' dir='ltr'><strong>quum</strong></span> <span class='ocrx_word' id='word_1_109' title='bbox 2384 1528 2613 1595; x_wconf 84' lang='lat' dir='ltr'><strong>multos</strong></span> 
     </span>
    </p>
   </div>
   <div class='ocr_carea' id='block_1_8' title="bbox 213 1635 2654 1721">
    <p class='ocr_par' dir='ltr' id='par_1_8' title="bbox 213 1635 2654 1721">
     <span class='ocr_line' id='line_1_14' title="bbox 213 1635 2654 1721; baseline -0.003 -14"><span class='ocrx_word' id='word_1_110' title='bbox 213 1702 218 1707; x_wconf 82' lang='grc'>,</span> <span class='ocrx_word' id='word_1_111' title='bbox 255 1637 431 1703; x_wconf 86' lang='lat' dir='ltr'><strong>etiam</strong></span> <span class='ocrx_word' id='word_1_112' title='bbox 456 1636 814 1702; x_wconf 67' lang='lat' dir='ltr'><strong>marchionis</strong></span> <span class='ocrx_word' id='word_1_113' title='bbox 854 1636 1056 1701; x_wconf 89' lang='lat' dir='ltr'><strong>socios</strong></span> <span class='ocrx_word' id='word_1_114' title='bbox 1097 1656 1260 1703; x_wconf 87' lang='lat' dir='ltr'><strong>arma</strong></span> <span class='ocrx_word' id='word_1_115' title='bbox 1288 1655 1499 1721; x_wconf 87' lang='lat' dir='ltr'><strong>parare</strong></span> <span class='ocrx_word' id='word_1_116' title='bbox 1527 1635 1786 1714; x_wconf 76' lang='lat' dir='ltr'><strong>videret,</strong></span> <span class='ocrx_word' id='word_1_117' title='bbox 1831 1635 2049 1720; x_wconf 86' lang='lat' dir='ltr'><strong>quibus</strong></span> <span class='ocrx_word' id='word_1_118' title='bbox 2079 1635 2155 1700; x_wconf 87' lang='lat' dir='ltr'><strong>ad</strong></span> <span class='ocrx_word' id='word_1_119' title='bbox 2185 1643 2517 1700; x_wconf 85' lang='lat' dir='ltr'><strong>extremum</strong></span> <span class='ocrx_word' id='word_1_120' title='bbox 2542 1642 2613 1699; x_wconf 85' lang='lat' dir='ltr'><strong>nt</strong></span> <span class='ocrx_word' id='word_1_121' title='bbox 2648 1705 2654 1713; x_wconf 57' lang='grc'><em>,</em></span> 
     </span>
    </p>
   </div>
   <div class='ocr_carea' id='block_1_9' title="bbox 253 1738 2635 2559">
    <p class='ocr_par' dir='ltr' id='par_1_9' title="bbox 253 1738 2635 2559">
     <span class='ocr_line' id='line_1_15' title="bbox 257 1738 2613 1825; baseline -0.001 -19"><span class='ocrx_word' id='word_1_122' title='bbox 257 1741 399 1806; x_wconf 86' lang='lat' dir='ltr'><strong>satis</strong></span> <span class='ocrx_word' id='word_1_123' title='bbox 428 1740 710 1806; x_wconf 86' lang='lat' dir='ltr'><strong>resistere</strong></span> <span class='ocrx_word' id='word_1_124' title='bbox 735 1750 950 1825; x_wconf 88' lang='lat' dir='ltr'><strong>posset</strong></span> <span class='ocrx_word' id='word_1_125' title='bbox 968 1741 1299 1819; x_wconf 81' lang='lat' dir='ltr'><strong>verebatur,</strong></span> <span class='ocrx_word' id='word_1_126' title='bbox 1329 1741 1518 1806; x_wconf 88' lang='lat' dir='ltr'><strong>satius</strong></span> <span class='ocrx_word' id='word_1_127' title='bbox 1548 1740 1716 1804; x_wconf 85' lang='lat' dir='ltr'><strong>duxit</strong></span> <span class='ocrx_word' id='word_1_128' title='bbox 1743 1739 1819 1804; x_wconf 87' lang='lat' dir='ltr'><strong>de</strong></span> <span class='ocrx_word' id='word_1_129' title='bbox 1844 1738 1974 1805; x_wconf 87' lang='lat' dir='ltr'><strong>iure</strong></span> <span class='ocrx_word' id='word_1_130' title='bbox 1996 1758 2111 1805; x_wconf 90' lang='lat' dir='ltr'><strong>suo</strong></span> <span class='ocrx_word' id='word_1_131' title='bbox 2139 1740 2613 1806; x_wconf 79' lang='lat' dir='ltr'><strong>hactenuscerte</strong></span> 
     </span>
     <span class='ocr_line' id='line_1_16' title="bbox 255 1843 2613 1929; baseline 0 -19"><span class='ocrx_word' id='word_1_132' title='bbox 255 1846 596 1924; x_wconf 74' lang='lat' dir='ltr'><strong>concedere,</strong></span> <span class='ocrx_word' id='word_1_133' title='bbox 618 1845 768 1911; x_wconf 87' lang='lat' dir='ltr'><strong>utin</strong></span> <span class='ocrx_word' id='word_1_134' title='bbox 797 1845 1126 1911; x_wconf 84' lang='lat' dir='ltr'><strong>clientelam</strong></span> <span class='ocrx_word' id='word_1_135' title='bbox 1142 1846 1499 1912; x_wconf 70' lang='lat' dir='ltr'><strong>Mai-chionis</strong></span> <span class='ocrx_word' id='word_1_136' title='bbox 1530 1864 1598 1910; x_wconf 91' lang='lat' dir='ltr'><strong>se</strong></span> <span class='ocrx_word' id='word_1_137' title='bbox 1627 1846 1937 1910; x_wconf 79' lang='lat' dir='ltr'><strong>conferret.</strong></span> <span class='ocrx_word' id='word_1_138' title='bbox 1983 1844 2109 1910; x_wconf 86' lang='lat' dir='ltr'><strong>Hac</strong></span> <span class='ocrx_word' id='word_1_139' title='bbox 2135 1844 2317 1928; x_wconf 88' lang='lat' dir='ltr'><strong>igitur</strong></span> <span class='ocrx_word' id='word_1_140' title='bbox 2334 1843 2613 1929; x_wconf 85' lang='lat' dir='ltr'><strong>pactione</strong></span> 
     </span>
     <span class='ocr_line' id='line_1_17' title="bbox 255 1949 2613 2034; baseline 0 -20"><span class='ocrx_word' id='word_1_141' title='bbox 255 1951 439 2014; x_wconf 79' lang='lat' dir='ltr'><strong>fretus</strong></span> <span class='ocrx_word' id='word_1_142' title='bbox 469 1949 752 2016; x_wconf 87' lang='lat' dir='ltr'><strong>Friderici</strong></span> <span class='ocrx_word' id='word_1_143' title='bbox 781 1969 1123 2028; x_wconf 73' lang='lat' dir='ltr'><strong>successor,</strong></span> <span class='ocrx_word' id='word_1_144' title='bbox 1171 1950 1449 2016; x_wconf 83' lang='lat' dir='ltr'><strong>Albertus</strong></span> <span class='ocrx_word' id='word_1_145' title='bbox 1479 1949 1604 2027; x_wconf 89' lang='lat' dir='ltr'><strong>ille,</strong></span> <span class='ocrx_word' id='word_1_146' title='bbox 1654 1969 1834 2034; x_wconf 89' lang='lat' dir='ltr'><strong>quem</strong></span> <span class='ocrx_word' id='word_1_147' title='bbox 1865 1950 2279 2015; x_wconf 73' lang='lat' dir='ltr'><strong>Achillemsui</strong></span> <span class='ocrx_word' id='word_1_148' title='bbox 2306 1969 2340 2015; x_wconf 90' lang='lat' dir='ltr'><strong>a</strong></span> <span class='ocrx_word' id='word_1_149' title='bbox 2370 1949 2613 2014; x_wconf 75' lang='lat' dir='ltr'><strong>sortitu-</strong></span> 
     </span>
     <span class='ocr_line' id='line_1_18' title="bbox 255 2048 2612 2141; baseline -0 -22"><span class='ocrx_word' id='word_1_150' title='bbox 255 2054 394 2141; x_wconf 82' lang='lat' dir='ltr'><strong>dine</strong></span> <span class='ocrx_word' id='word_1_151' title='bbox 422 2048 734 2134; x_wconf 80' lang='lat' dir='ltr'><strong>dixerunt,</strong></span> <span class='ocrx_word' id='word_1_152' title='bbox 759 2074 792 2119; x_wconf 90' lang='lat' dir='ltr'><strong>a</strong></span> <span class='ocrx_word' id='word_1_153' title='bbox 823 2055 1098 2139; x_wconf 89' lang='lat' dir='ltr'><strong>Bogislao</strong></span> <span class='ocrx_word' id='word_1_154' title='bbox 1129 2056 1475 2140; x_wconf 75' lang='lat' dir='ltr'><strong>postulavit,</strong></span> <span class='ocrx_word' id='word_1_155' title='bbox 1502 2064 1660 2136; x_wconf 78' lang='lat' dir='ltr'><strong>utet</strong></span> <span class='ocrx_word' id='word_1_156' title='bbox 1685 2055 1818 2139; x_wconf 87' lang='lat' dir='ltr'><strong>ipse</strong></span> <span class='ocrx_word' id='word_1_157' title='bbox 1845 2055 2143 2128; x_wconf 87' lang='lat' dir='ltr'><strong>clientelae</strong></span> <span class='ocrx_word' id='word_1_158' title='bbox 2172 2055 2395 2132; x_wconf 84' lang='lat' dir='ltr'><strong>officia,</strong></span> <span class='ocrx_word' id='word_1_159' title='bbox 2421 2053 2612 2138; x_wconf 88' lang='lat' dir='ltr'><strong>patris</strong></span> 
     </span>
     <span class='ocr_line' id='line_1_19' title="bbox 254 2158 2613 2243; baseline 0 -20"><span class='ocrx_word' id='word_1_160' title='bbox 254 2159 554 2242; x_wconf 82' lang='lat' dir='ltr'><strong>exemplo,</strong></span> <span class='ocrx_word' id='word_1_161' title='bbox 592 2158 707 2224; x_wconf 90' lang='lat' dir='ltr'><strong>sibi</strong></span> <span class='ocrx_word' id='word_1_162' title='bbox 736 2167 1096 2243; x_wconf 82' lang='lat' dir='ltr'><strong>praestaret,</strong></span> <span class='ocrx_word' id='word_1_163' title='bbox 1126 2160 1308 2224; x_wconf 90' lang='lat' dir='ltr'><strong>minis</strong></span> <span class='ocrx_word' id='word_1_164' title='bbox 1339 2159 1519 2225; x_wconf 89' lang='lat' dir='ltr'><strong>simul</strong></span> <span class='ocrx_word' id='word_1_165' title='bbox 1543 2159 1791 2235; x_wconf 89' lang='lat' dir='ltr'><strong>additis,</strong></span> <span class='ocrx_word' id='word_1_166' title='bbox 1823 2159 2040 2243; x_wconf 86' lang='lat' dir='ltr'><strong>quibus</strong></span> <span class='ocrx_word' id='word_1_167' title='bbox 2070 2159 2381 2224; x_wconf 84' lang='lat' dir='ltr'><strong>hominem</strong></span> <span class='ocrx_word' id='word_1_168' title='bbox 2410 2158 2613 2223; x_wconf 85' lang='lat' dir='ltr'><strong>adole-</strong></span> 
     </span>
     <span class='ocr_line' id='line_1_20' title="bbox 254 2262 2635 2348; baseline 0.001 -21"><span class='ocrx_word' id='word_1_169' title='bbox 254 2271 551 2341; x_wconf 89' lang='lat' dir='ltr'><strong>scentem,</strong></span> <span class='ocrx_word' id='word_1_170' title='bbox 590 2282 797 2328; x_wconf 86' lang='lat' dir='ltr'><strong>rerum</strong></span> <span class='ocrx_word' id='word_1_171' title='bbox 833 2262 1178 2347; x_wconf 88' lang='lat' dir='ltr'><strong>imperitum</strong></span> <span class='ocrx_word' id='word_1_172' title='bbox 1222 2272 1284 2328; x_wconf 90' lang='lat' dir='ltr'><strong>et</strong></span> <span class='ocrx_word' id='word_1_173' title='bbox 1309 2282 1503 2348; x_wconf 88' lang='lat' dir='ltr'><strong>nuper</strong></span> <span class='ocrx_word' id='word_1_174' title='bbox 1531 2264 1777 2329; x_wconf 89' lang='lat' dir='ltr'><strong>demum</strong></span> <span class='ocrx_word' id='word_1_175' title='bbox 1804 2283 1877 2328; x_wconf 82' lang='lat' dir='ltr'><strong>ex</strong></span> <span class='ocrx_word' id='word_1_176' title='bbox 1906 2263 2233 2328; x_wconf 84' lang='lat' dir='ltr'><strong>humillima</strong></span> <span class='ocrx_word' id='word_1_177' title='bbox 2263 2262 2635 2329; x_wconf 78' lang='lat' dir='ltr'><strong>condicione</strong></span> 
     </span>
     <span class='ocr_line' id='line_1_21' title="bbox 254 2367 2613 2455; baseline 0.002 -24"><span class='ocrx_word' id='word_1_178' title='bbox 254 2386 556 2432; x_wconf 87' lang='lat' dir='ltr'><strong>emersum</strong></span> <span class='ocrx_word' id='word_1_179' title='bbox 609 2368 775 2435; x_wconf 79' lang='lat' dir='ltr'><strong>facile</strong></span> <span class='ocrx_word' id='word_1_180' title='bbox 822 2369 1030 2435; x_wconf 88' lang='lat' dir='ltr'><strong>terreri</strong></span> <span class='ocrx_word' id='word_1_181' title='bbox 1058 2388 1244 2454; x_wconf 88' lang='lat' dir='ltr'><strong>posse</strong></span> <span class='ocrx_word' id='word_1_182' title='bbox 1284 2368 1636 2436; x_wconf 82' lang='lat' dir='ltr'><strong>confidebat.</strong></span> <span class='ocrx_word' id='word_1_183' title='bbox 1719 2369 1839 2435; x_wconf 85' lang='lat' dir='ltr'><strong>Sed</strong></span> <span class='ocrx_word' id='word_1_184' title='bbox 1868 2388 2080 2455; x_wconf 90' lang='lat' dir='ltr'><strong>parum</strong></span> <span class='ocrx_word' id='word_1_185' title='bbox 2110 2377 2287 2433; x_wconf 88' lang='lat' dir='ltr'><strong>norat</strong></span> <span class='ocrx_word' id='word_1_186' title='bbox 2312 2367 2613 2435; x_wconf 83' lang='lat' dir='ltr'><strong>excelsum</strong></span> 
     </span>
     <span class='ocr_line' id='line_1_22' title="bbox 253 2473 2614 2559; baseline 0 -21"><span class='ocrx_word' id='word_1_187' title='bbox 253 2473 434 2539; x_wconf 87' lang='lat' dir='ltr'><strong>huius</strong></span> <span class='ocrx_word' id='word_1_188' title='bbox 484 2482 544 2538; x_wconf 81' lang='lat' dir='ltr'><strong>et</strong></span> <span class='ocrx_word' id='word_1_189' title='bbox 589 2474 826 2539; x_wconf 87' lang='lat' dir='ltr'><strong>timoris</strong></span> <span class='ocrx_word' id='word_1_190' title='bbox 875 2483 1178 2559; x_wconf 84' lang='lat' dir='ltr'><strong>expertem</strong></span> <span class='ocrx_word' id='word_1_191' title='bbox 1230 2475 1532 2553; x_wconf 88' lang='lat' dir='ltr'><strong>animum,</strong></span> <span class='ocrx_word' id='word_1_192' title='bbox 1579 2475 1707 2558; x_wconf 86' lang='lat' dir='ltr'><strong>qui,</strong></span> <span class='ocrx_word' id='word_1_193' title='bbox 1758 2484 1827 2539; x_wconf 89' lang='lat' dir='ltr'><strong>ut</strong></span> <span class='ocrx_word' id='word_1_194' title='bbox 1860 2475 1992 2559; x_wconf 82' lang='lat' dir='ltr'><strong>ipse</strong></span> <span class='ocrx_word' id='word_1_195' title='bbox 2029 2473 2176 2539; x_wconf 87' lang='lat' dir='ltr'><strong>nihil</strong></span> <span class='ocrx_word' id='word_1_196' title='bbox 2206 2474 2319 2539; x_wconf 88' lang='lat' dir='ltr'><strong>sibi</strong></span> <span class='ocrx_word' id='word_1_197' title='bbox 2347 2491 2614 2559; x_wconf 84' lang='lat' dir='ltr'><strong>unquam</strong></span> 
     </span>
    </p>
   </div>
   <div class='ocr_carea' id='block_1_10' title="bbox 254 2577 2711 2663">
    <p class='ocr_par' dir='ltr' id='par_1_10' title="bbox 254 2577 2711 2663">
     <span class='ocr_line' id='line_1_23' title="bbox 254 2577 2711 2663; baseline 0 -19"><span class='ocrx_word' id='word_1_198' title='bbox 254 2587 462 2644; x_wconf 88' lang='lat' dir='ltr'><strong>contra</strong></span> <span class='ocrx_word' id='word_1_199' title='bbox 503 2579 599 2644; x_wconf 90' lang='lat' dir='ltr'><strong>ius</strong></span> <span class='ocrx_word' id='word_1_200' title='bbox 639 2579 897 2644; x_wconf 87' lang='lat' dir='ltr'><strong>aliorum</strong></span> <span class='ocrx_word' id='word_1_201' title='bbox 940 2580 1273 2645; x_wconf 79' lang='lat' dir='ltr'><strong>faciendum</strong></span> <span class='ocrx_word' id='word_1_202' title='bbox 1302 2586 1617 2658; x_wconf 83' lang='lat' dir='ltr'><strong>statuerat,</strong></span> <span class='ocrx_word' id='word_1_203' title='bbox 1666 2580 1747 2645; x_wconf 89' lang='lat' dir='ltr'><strong>ita</strong></span> <span class='ocrx_word' id='word_1_204' title='bbox 1775 2598 1954 2644; x_wconf 89' lang='lat' dir='ltr'><strong>suum</strong></span> <span class='ocrx_word' id='word_1_205' title='bbox 1984 2598 2222 2663; x_wconf 86' lang='lat' dir='ltr'><strong>quoque</strong></span> <span class='ocrx_word' id='word_1_206' title='bbox 2249 2578 2344 2643; x_wconf 87' lang='lat' dir='ltr'><strong>ins</strong></span> <span class='ocrx_word' id='word_1_207' title='bbox 2373 2577 2448 2644; x_wconf 87' lang='lat' dir='ltr'><strong>ab</strong></span> <span class='ocrx_word' id='word_1_208' title='bbox 2474 2578 2609 2644; x_wconf 85' lang='lat' dir='ltr'><strong>aliis</strong></span> <span class='ocrx_word' id='word_1_209' title='bbox 2647 2589 2711 2644; x_wconf 78' lang='lat'><strong>1¹1</strong></span> 
     </span>
    </p>
   </div>
   <div class='ocr_carea' id='block_1_11' title="bbox 249 2683 2616 3397">
    <p class='ocr_par' dir='ltr' id='par_1_11' title="bbox 249 2683 2616 3397">
     <span class='ocr_line' id='line_1_24' title="bbox 252 2683 2611 2767; baseline 0 -19"><span class='ocrx_word' id='word_1_210' title='bbox 252 2683 527 2749; x_wconf 87' lang='lat' dir='ltr'><strong>imminui</strong></span> <span class='ocrx_word' id='word_1_211' title='bbox 553 2683 817 2750; x_wconf 75' lang='lat' dir='ltr'><strong>nolebatt</strong></span> <span class='ocrx_word' id='word_1_212' title='bbox 849 2686 1150 2751; x_wconf 83' lang='lat' dir='ltr'><strong>contemni</strong></span> <span class='ocrx_word' id='word_1_213' title='bbox 1180 2696 1377 2751; x_wconf 88' lang='lat' dir='ltr'><strong>autem</strong></span> <span class='ocrx_word' id='word_1_214' title='bbox 1407 2705 1477 2750; x_wconf 90' lang='lat' dir='ltr'><strong>se</strong></span> <span class='ocrx_word' id='word_1_215' title='bbox 1505 2695 1567 2751; x_wconf 91' lang='lat' dir='ltr'><strong>et</strong></span> <span class='ocrx_word' id='word_1_216' title='bbox 1592 2686 1771 2750; x_wconf 89' lang='lat' dir='ltr'><strong>minis</strong></span> <span class='ocrx_word' id='word_1_217' title='bbox 1793 2686 2021 2762; x_wconf 88' lang='lat' dir='ltr'><strong>terreri,</strong></span> <span class='ocrx_word' id='word_1_218' title='bbox 2051 2684 2113 2751; x_wconf 91' lang='lat' dir='ltr'><strong>id</strong></span> <span class='ocrx_word' id='word_1_219' title='bbox 2136 2703 2276 2749; x_wconf 85' lang='lat' dir='ltr'><strong>vero</strong></span> <span class='ocrx_word' id='word_1_220' title='bbox 2298 2683 2611 2767; x_wconf 87' lang='lat' dir='ltr'><strong>indignum</strong></span> 
     </span>
     <span class='ocr_line' id='line_1_25' title="bbox 254 2789 2616 2874; baseline -0 -20"><span class='ocrx_word' id='word_1_221' title='bbox 254 2796 315 2854; x_wconf 87' lang='lat' dir='ltr'><strong>et</strong></span> <span class='ocrx_word' id='word_1_222' title='bbox 362 2790 526 2855; x_wconf 89' lang='lat' dir='ltr'><strong>nullo</strong></span> <span class='ocrx_word' id='word_1_223' title='bbox 578 2790 764 2855; x_wconf 88' lang='lat' dir='ltr'><strong>modo</strong></span> <span class='ocrx_word' id='word_1_224' title='bbox 793 2790 1108 2856; x_wconf 76' lang='lat' dir='ltr'><strong>serendum</strong></span> <span class='ocrx_word' id='word_1_225' title='bbox 1137 2810 1272 2855; x_wconf 88' lang='lat' dir='ltr'><strong>esse</strong></span> <span class='ocrx_word' id='word_1_226' title='bbox 1301 2791 1545 2874; x_wconf 83' lang='lat' dir='ltr'><strong>putavit.</strong></span> <span class='ocrx_word' id='word_1_227' title='bbox 1633 2790 1970 2874; x_wconf 80' lang='lat' dir='ltr'><strong>Respondit</strong></span> <span class='ocrx_word' id='word_1_228' title='bbox 1996 2789 2200 2872; x_wconf 88' lang='lat' dir='ltr'><strong>igitur,</strong></span> <span class='ocrx_word' id='word_1_229' title='bbox 2253 2790 2417 2872; x_wconf 87' lang='lat' dir='ltr'><strong>quod</strong></span> <span class='ocrx_word' id='word_1_230' title='bbox 2444 2797 2616 2874; x_wconf 80' lang='lat' dir='ltr'><strong>pater</strong></span> 
     </span>
     <span class='ocr_line' id='line_1_26' title="bbox 252 2893 2615 2978; baseline 0 -20"><span class='ocrx_word' id='word_1_231' title='bbox 252 2913 401 2959; x_wconf 89' lang='lat' dir='ltr'><strong>suus</strong></span> <span class='ocrx_word' id='word_1_232' title='bbox 431 2895 577 2959; x_wconf 90' lang='lat' dir='ltr'><strong>olim</strong></span> <span class='ocrx_word' id='word_1_233' title='bbox 593 2895 664 2959; x_wconf 48' lang='lat' dir='ltr'><strong>rvi</strong></span> <span class='ocrx_word' id='word_1_234' title='bbox 694 2904 754 2960; x_wconf 91' lang='lat' dir='ltr'><strong>et</strong></span> <span class='ocrx_word' id='word_1_235' title='bbox 782 2894 997 2960; x_wconf 88' lang='lat' dir='ltr'><strong>iniuria</strong></span> <span class='ocrx_word' id='word_1_236' title='bbox 1027 2902 1269 2960; x_wconf 88' lang='lat' dir='ltr'><strong>coactns</strong></span> <span class='ocrx_word' id='word_1_237' title='bbox 1299 2895 1567 2972; x_wconf 77' lang='lat' dir='ltr'><strong>fecisset,</strong></span> <span class='ocrx_word' id='word_1_238' title='bbox 1611 2895 1686 2960; x_wconf 88' lang='lat' dir='ltr'><strong>ad</strong></span> <span class='ocrx_word' id='word_1_239' title='bbox 1716 2913 1784 2958; x_wconf 89' lang='lat' dir='ltr'><strong>se</strong></span> <span class='ocrx_word' id='word_1_240' title='bbox 1810 2893 2312 2978; x_wconf 73' lang='lat' dir='ltr'><strong>nihilpertinere:</strong></span> <span class='ocrx_word' id='word_1_241' title='bbox 2356 2893 2472 2958; x_wconf 84' lang='lat' dir='ltr'><strong>sibi</strong></span> <span class='ocrx_word' id='word_1_242' title='bbox 2500 2912 2615 2959; x_wconf 90' lang='lat' dir='ltr'><strong>ne-</strong></span> 
     </span>
     <span class='ocr_line' id='line_1_27' title="bbox 252 2997 2615 3085; baseline 0 -22"><span class='ocrx_word' id='word_1_243' title='bbox 252 3018 367 3082; x_wconf 88' lang='lat' dir='ltr'><strong>que</strong></span> <span class='ocrx_word' id='word_1_244' title='bbox 396 3018 551 3085; x_wconf 90' lang='lat' dir='ltr'><strong>opus</strong></span> <span class='ocrx_word' id='word_1_245' title='bbox 582 3019 715 3065; x_wconf 86' lang='lat' dir='ltr'><strong>esse</strong></span> <span class='ocrx_word' id='word_1_246' title='bbox 743 3009 1032 3084; x_wconf 86' lang='lat' dir='ltr'><strong>patrono,</strong></span> <span class='ocrx_word' id='word_1_247' title='bbox 1061 3018 1257 3084; x_wconf 90' lang='lat' dir='ltr'><strong>neque</strong></span> <span class='ocrx_word' id='word_1_248' title='bbox 1283 3000 1518 3082; x_wconf 83' lang='lat' dir='ltr'><strong>placere</strong></span> <span class='ocrx_word' id='word_1_249' title='bbox 1547 2999 1900 3083; x_wconf 85' lang='lat' dir='ltr'><strong>quidquam,</strong></span> <span class='ocrx_word' id='word_1_250' title='bbox 1931 2998 2095 3081; x_wconf 91' lang='lat' dir='ltr'><strong>qnod</strong></span> <span class='ocrx_word' id='word_1_251' title='bbox 2124 3006 2285 3063; x_wconf 87' lang='lat' dir='ltr'><strong>esset</strong></span> <span class='ocrx_word' id='word_1_252' title='bbox 2313 2997 2615 3081; x_wconf 85' lang='lat' dir='ltr'><strong>dignitatis</strong></span> 
     </span>
     <span class='ocr_line' id='line_1_28' title="bbox 252 3101 2615 3198; baseline 0.001 -33"><span class='ocrx_word' id='word_1_253' title='bbox 252 3120 397 3166; x_wconf 87' lang='lat' dir='ltr'><strong>suae</strong></span> <span class='ocrx_word' id='word_1_254' title='bbox 422 3101 806 3198; x_wconf 78' lang='lat' dir='ltr'><strong>minuendae:</strong></span> <span class='ocrx_word' id='word_1_255' title='bbox 838 3103 1056 3185; x_wconf 88' lang='lat' dir='ltr'><strong>quodsi</strong></span> <span class='ocrx_word' id='word_1_256' title='bbox 1084 3103 1220 3186; x_wconf 88' lang='lat' dir='ltr'><strong>quis</strong></span> <span class='ocrx_word' id='word_1_257' title='bbox 1250 3102 1305 3166; x_wconf 82' lang='lat' dir='ltr'><strong>vi</strong></span> <span class='ocrx_word' id='word_1_258' title='bbox 1333 3121 1539 3167; x_wconf 89' lang='lat' dir='ltr'><strong>secum</strong></span> <span class='ocrx_word' id='word_1_259' title='bbox 1569 3121 1745 3186; x_wconf 88' lang='lat' dir='ltr'><strong>agere</strong></span> <span class='ocrx_word' id='word_1_260' title='bbox 1765 3102 1955 3178; x_wconf 80' lang='lat' dir='ltr'><strong>vellet,</strong></span> <span class='ocrx_word' id='word_1_261' title='bbox 1985 3122 2053 3167; x_wconf 91' lang='lat' dir='ltr'><strong>se</strong></span> <span class='ocrx_word' id='word_1_262' title='bbox 2074 3120 2201 3167; x_wconf 90' lang='lat' dir='ltr'><strong>non</strong></span> <span class='ocrx_word' id='word_1_263' title='bbox 2222 3103 2615 3181; x_wconf 84' lang='lat' dir='ltr'><strong>intercedere,</strong></span> 
     </span>
     <span class='ocr_line' id='line_1_29' title="bbox 250 3204 2611 3299; baseline 0.002 -30"><span class='ocrx_word' id='word_1_264' title='bbox 250 3204 434 3270; x_wconf 89' lang='lat' dir='ltr'><strong>armis</strong></span> <span class='ocrx_word' id='word_1_265' title='bbox 472 3226 638 3271; x_wconf 87' lang='lat' dir='ltr'><strong>arma</strong></span> <span class='ocrx_word' id='word_1_266' title='bbox 669 3206 1114 3292; x_wconf 84' lang='lat' dir='ltr'><strong>oppositurum.</strong></span> <span class='ocrx_word' id='word_1_267' title='bbox 1202 3207 1406 3291; x_wconf 88' lang='lat' dir='ltr'><strong>ltaque</strong></span> <span class='ocrx_word' id='word_1_268' title='bbox 1427 3206 1633 3299; x_wconf 34' lang='lat' dir='ltr'><strong>‘verbis</strong></span> <span class='ocrx_word' id='word_1_269' title='bbox 1668 3208 1910 3272; x_wconf 87' lang='lat' dir='ltr'><strong>omissis</strong></span> <span class='ocrx_word' id='word_1_270' title='bbox 1939 3206 2142 3271; x_wconf 89' lang='lat' dir='ltr'><strong>statim</strong></span> <span class='ocrx_word' id='word_1_271' title='bbox 2169 3207 2444 3272; x_wconf 79' lang='lat' dir='ltr'><strong>Albertus</strong></span> <span class='ocrx_word' id='word_1_272' title='bbox 2474 3227 2611 3273; x_wconf 87' lang='lat' dir='ltr'><strong>cnm</strong></span> 
     </span>
     <span class='ocr_line' id='line_1_30' title="bbox 249 3311 2612 3397; baseline 0.001 -22"><span class='ocrx_word' id='word_1_273' title='bbox 249 3311 618 3377; x_wconf 86' lang='lat' dir='ltr'><strong>validissimo</strong></span> <span class='ocrx_word' id='word_1_274' title='bbox 659 3313 865 3377; x_wconf 87' lang='lat' dir='ltr'><strong>decem</strong></span> <span class='ocrx_word' id='word_1_275' title='bbox 903 3312 1156 3377; x_wconf 84' lang='lat' dir='ltr'><strong>millium</strong></span> <span class='ocrx_word' id='word_1_276' title='bbox 1191 3314 1456 3396; x_wconf 87' lang='lat' dir='ltr'><strong>equitum</strong></span> <span class='ocrx_word' id='word_1_277' title='bbox 1487 3312 1877 3397; x_wconf 82' lang='lat' dir='ltr'><strong>peditumque</strong></span> <span class='ocrx_word' id='word_1_278' title='bbox 1903 3312 2166 3377; x_wconf 82' lang='lat' dir='ltr'><strong>exercitu</strong></span> <span class='ocrx_word' id='word_1_279' title='bbox 2193 3311 2612 3377; x_wconf 87' lang='lat' dir='ltr'><strong>Pomeraniam</strong></span> 
     </span>
    </p>
   </div>
   <div class='ocr_carea' id='block_1_12' title="bbox 224 3414 2611 3501">
    <p class='ocr_par' dir='ltr' id='par_1_12' title="bbox 224 3414 2611 3501">
     <span class='ocr_line' id='line_1_31' title="bbox 224 3414 2611 3501; baseline 0.001 -21"><span class='ocrx_word' id='word_1_280' title='bbox 224 3414 495 3492; x_wconf 60' lang='lat' dir='ltr'><strong>invasit,</strong></span> <span class='ocrx_word' id='word_1_281' title='bbox 547 3424 608 3479; x_wconf 90' lang='lat' dir='ltr'><strong>et</strong></span> <span class='ocrx_word' id='word_1_282' title='bbox 646 3415 845 3480; x_wconf 90' lang='lat' dir='ltr'><strong>omnia</strong></span> <span class='ocrx_word' id='word_1_283' title='bbox 873 3416 1052 3500; x_wconf 88' lang='lat' dir='ltr'><strong>longe</strong></span> <span class='ocrx_word' id='word_1_284' title='bbox 1079 3416 1308 3500; x_wconf 81' lang='lat' dir='ltr'><strong>lateque</strong></span> <span class='ocrx_word' id='word_1_285' title='bbox 1339 3424 1569 3481; x_wconf 85' lang='lat' dir='ltr'><strong>vastare</strong></span> <span class='ocrx_word' id='word_1_286' title='bbox 1598 3418 1813 3501; x_wconf 90' lang='lat' dir='ltr'><strong>coepit.</strong></span> <span class='ocrx_word' id='word_1_287' title='bbox 1903 3416 2112 3483; x_wconf 86' lang='lat' dir='ltr'><strong>Subita</strong></span> <span class='ocrx_word' id='word_1_288' title='bbox 2140 3436 2239 3481; x_wconf 88' lang='lat' dir='ltr'><strong>res</strong></span> <span class='ocrx_word' id='word_1_289' title='bbox 2268 3417 2611 3500; x_wconf 83' lang='lat' dir='ltr'><strong>Bogislaum</strong></span> 
     </span>
    </p>
   </div>
   <div class='ocr_carea' id='block_1_13' title="bbox 248 3520 2614 4453">
    <p class='ocr_par' dir='ltr' id='par_1_13' title="bbox 248 3520 2614 4453">
     <span class='ocr_line' id='line_1_32' title="bbox 248 3520 2614 3604; baseline 0.002 -21"><span class='ocrx_word' id='word_1_290' title='bbox 248 3538 378 3584; x_wconf 88' lang='lat' dir='ltr'><strong>non</strong></span> <span class='ocrx_word' id='word_1_291' title='bbox 412 3520 685 3604; x_wconf 86' lang='lat' dir='ltr'><strong>perculit.</strong></span> <span class='ocrx_word' id='word_1_292' title='bbox 772 3520 942 3604; x_wconf 88' lang='lat' dir='ltr'><strong>lpse,</strong></span> <span class='ocrx_word' id='word_1_293' title='bbox 991 3520 1129 3586; x_wconf 90' lang='lat' dir='ltr'><strong>licet</strong></span> <span class='ocrx_word' id='word_1_294' title='bbox 1164 3522 1439 3586; x_wconf 83' lang='lat' dir='ltr'><strong>nondum</strong></span> <span class='ocrx_word' id='word_1_295' title='bbox 1469 3521 1616 3585; x_wconf 89' lang='lat' dir='ltr'><strong>satis</strong></span> <span class='ocrx_word' id='word_1_296' title='bbox 1644 3521 1721 3586; x_wconf 86' lang='lat' dir='ltr'><strong>ad</strong></span> <span class='ocrx_word' id='word_1_297' title='bbox 1751 3520 1973 3585; x_wconf 85' lang='lat' dir='ltr'><strong>bellum</strong></span> <span class='ocrx_word' id='word_1_298' title='bbox 2000 3522 2360 3599; x_wconf 84' lang='lat' dir='ltr'><strong>instructus,</strong></span> <span class='ocrx_word' id='word_1_299' title='bbox 2411 3530 2614 3587; x_wconf 87' lang='lat' dir='ltr'><strong>tamen</strong></span> 
     </span>
     <span class='ocr_line' id='line_1_33' title="bbox 253 3623 2611 3711; baseline 0.001 -22"><span class='ocrx_word' id='word_1_300' title='bbox 253 3644 363 3689; x_wconf 88' lang='lat' dir='ltr'><strong>sua</strong></span> <span class='ocrx_word' id='word_1_301' title='bbox 403 3644 774 3710; x_wconf 87' lang='lat' dir='ltr'><strong>suorumque</strong></span> <span class='ocrx_word' id='word_1_302' title='bbox 810 3626 1028 3691; x_wconf 82' lang='lat' dir='ltr'><strong>virtute</strong></span> <span class='ocrx_word' id='word_1_303' title='bbox 1062 3628 1250 3692; x_wconf 82' lang='lat' dir='ltr'><strong>fretus</strong></span> <span class='ocrx_word' id='word_1_304' title='bbox 1263 3675 1279 3703; x_wconf 90' lang='lat'><strong>,</strong></span> <span class='ocrx_word' id='word_1_305' title='bbox 1335 3646 1471 3692; x_wconf 89' lang='lat' dir='ltr'><strong>cum</strong></span> <span class='ocrx_word' id='word_1_306' title='bbox 1512 3626 1811 3711; x_wconf 88' lang='lat' dir='ltr'><strong>equitibus</strong></span> <span class='ocrx_word' id='word_1_307' title='bbox 1839 3627 1999 3692; x_wconf 86' lang='lat' dir='ltr'><strong>baud</strong></span> <span class='ocrx_word' id='word_1_308' title='bbox 2029 3623 2288 3710; x_wconf 87' lang='lat' dir='ltr'><strong>amplius</strong></span> <span class='ocrx_word' id='word_1_309' title='bbox 2317 3628 2611 3692; x_wconf 82' lang='lat' dir='ltr'><strong>sexcentis</strong></span> 
     </span>
     <span class='ocr_line' id='line_1_34' title="bbox 251 3730 2611 3815; baseline 0.001 -22"><span class='ocrx_word' id='word_1_310' title='bbox 251 3739 314 3793; x_wconf 87' lang='lat' dir='ltr'><strong>et</strong></span> <span class='ocrx_word' id='word_1_311' title='bbox 338 3730 498 3794; x_wconf 87' lang='lat' dir='ltr'><strong>mille</strong></span> <span class='ocrx_word' id='word_1_312' title='bbox 534 3730 768 3795; x_wconf 86' lang='lat' dir='ltr'><strong>circiter</strong></span> <span class='ocrx_word' id='word_1_313' title='bbox 805 3730 1135 3814; x_wconf 86' lang='lat' dir='ltr'><strong>peditibus,</strong></span> <span class='ocrx_word' id='word_1_314' title='bbox 1187 3750 1343 3815; x_wconf 88' lang='lat' dir='ltr'><strong>quos</strong></span> <span class='ocrx_word' id='word_1_315' title='bbox 1381 3731 1582 3796; x_wconf 87' lang='lat' dir='ltr'><strong>subito</strong></span> <span class='ocrx_word' id='word_1_316' title='bbox 1621 3739 2023 3807; x_wconf 83' lang='lat' dir='ltr'><strong>contraxerat,</strong></span> <span class='ocrx_word' id='word_1_317' title='bbox 2074 3732 2361 3797; x_wconf 83' lang='lat' dir='ltr'><strong>adversus</strong></span> <span class='ocrx_word' id='word_1_318' title='bbox 2400 3731 2611 3796; x_wconf 75' lang='lat' dir='ltr'><strong>hostes</strong></span> 
     </span>
     <span class='ocr_line' id='line_1_35' title="bbox 253 3834 2612 3921; baseline 0.001 -24"><span class='ocrx_word' id='word_1_319' title='bbox 253 3834 671 3918; x_wconf 80' lang='lat' dir='ltr'><strong>proficiscitur,</strong></span> <span class='ocrx_word' id='word_1_320' title='bbox 701 3853 829 3899; x_wconf 90' lang='lat' dir='ltr'><strong>non</strong></span> <span class='ocrx_word' id='word_1_321' title='bbox 857 3843 924 3899; x_wconf 88' lang='lat' dir='ltr'><strong>ut</strong></span> <span class='ocrx_word' id='word_1_322' title='bbox 952 3835 1076 3900; x_wconf 88' lang='lat' dir='ltr'><strong>acie</strong></span> <span class='ocrx_word' id='word_1_323' title='bbox 1108 3837 1472 3920; x_wconf 87' lang='lat' dir='ltr'><strong>confligeret,</strong></span> <span class='ocrx_word' id='word_1_324' title='bbox 1504 3836 1671 3921; x_wconf 88' lang='lat' dir='ltr'><strong>quod</strong></span> <span class='ocrx_word' id='word_1_325' title='bbox 1699 3836 2081 3901; x_wconf 87' lang='lat' dir='ltr'><strong>temerarium</strong></span> <span class='ocrx_word' id='word_1_326' title='bbox 2113 3835 2326 3900; x_wconf 80' lang='lat' dir='ltr'><strong>ruisset</strong></span> <span class='ocrx_word' id='word_1_327' title='bbox 2347 3843 2468 3899; x_wconf 90' lang='lat' dir='ltr'><strong>tam</strong></span> <span class='ocrx_word' id='word_1_328' title='bbox 2491 3835 2612 3900; x_wconf 89' lang='lat' dir='ltr'><strong>im-</strong></span> 
     </span>
     <span class='ocr_line' id='line_1_36' title="bbox 249 3939 2613 4025; baseline 0.001 -22"><span class='ocrx_word' id='word_1_329' title='bbox 249 3939 493 4024; x_wconf 72' lang='lat' dir='ltr'><strong>paribus</strong></span> <span class='ocrx_word' id='word_1_330' title='bbox 521 3940 824 4023; x_wconf 87' lang='lat' dir='ltr'><strong>utrimque</strong></span> <span class='ocrx_word' id='word_1_331' title='bbox 851 3941 1105 4020; x_wconf 88' lang='lat' dir='ltr'><strong>viribus,</strong></span> <span class='ocrx_word' id='word_1_332' title='bbox 1144 3942 1249 4007; x_wconf 90' lang='lat' dir='ltr'><strong>sed</strong></span> <span class='ocrx_word' id='word_1_333' title='bbox 1280 3952 1345 4006; x_wconf 90' lang='lat' dir='ltr'><strong>ut</strong></span> <span class='ocrx_word' id='word_1_334' title='bbox 1370 3942 1503 4008; x_wconf 86' lang='lat' dir='ltr'><strong>loca</strong></span> <span class='ocrx_word' id='word_1_335' title='bbox 1532 3941 1762 4007; x_wconf 86' lang='lat' dir='ltr'><strong>munita</strong></span> <span class='ocrx_word' id='word_1_336' title='bbox 1789 3939 2103 4025; x_wconf 85' lang='lat' dir='ltr'><strong>praesidiis</strong></span> <span class='ocrx_word' id='word_1_337' title='bbox 2131 3940 2425 4016; x_wconf 84' lang='lat' dir='ltr'><strong>firmaret,</strong></span> <span class='ocrx_word' id='word_1_338' title='bbox 2452 3940 2613 4006; x_wconf 88' lang='lat' dir='ltr'><strong>unde</strong></span> 
     </span>
     <span class='ocr_line' id='line_1_37' title="bbox 248 4044 2611 4131; baseline 0.001 -23"><span class='ocrx_word' id='word_1_339' title='bbox 248 4044 518 4109; x_wconf 87' lang='lat' dir='ltr'><strong>hostium</strong></span> <span class='ocrx_word' id='word_1_340' title='bbox 548 4044 966 4128; x_wconf 88' lang='lat' dir='ltr'><strong>populationes</strong></span> <span class='ocrx_word' id='word_1_341' title='bbox 995 4046 1180 4111; x_wconf 87' lang='lat' dir='ltr'><strong>arceri</strong></span> <span class='ocrx_word' id='word_1_342' title='bbox 1209 4056 1478 4131; x_wconf 86' lang='lat' dir='ltr'><strong>possent,</strong></span> <span class='ocrx_word' id='word_1_343' title='bbox 1506 4046 1757 4129; x_wconf 89' lang='lat' dir='ltr'><strong>suisque</strong></span> <span class='ocrx_word' id='word_1_344' title='bbox 1786 4055 2027 4128; x_wconf 87' lang='lat' dir='ltr'><strong>tempus</strong></span> <span class='ocrx_word' id='word_1_345' title='bbox 2050 4044 2292 4109; x_wconf 88' lang='lat' dir='ltr'><strong>daretur</strong></span> <span class='ocrx_word' id='word_1_346' title='bbox 2311 4044 2611 4110; x_wconf 87' lang='lat' dir='ltr'><strong>maiorum</strong></span> 
     </span>
     <span class='ocr_line' id='line_1_38' title="bbox 248 4148 2611 4235; baseline 0 -21"><span class='ocrx_word' id='word_1_347' title='bbox 248 4150 463 4214; x_wconf 86' lang='lat' dir='ltr'><strong>virium</strong></span> <span class='ocrx_word' id='word_1_348' title='bbox 517 4148 939 4232; x_wconf 86' lang='lat' dir='ltr'><strong>cogendarum.</strong></span> <span class='ocrx_word' id='word_1_349' title='bbox 1026 4150 1230 4234; x_wconf 87' lang='lat' dir='ltr'><strong>ltaque</strong></span> <span class='ocrx_word' id='word_1_350' title='bbox 1259 4151 1486 4235; x_wconf 79' lang='lat' dir='ltr'><strong>Pyrisci</strong></span> <span class='ocrx_word' id='word_1_351' title='bbox 1525 4149 1826 4227; x_wconf 84' lang='lat' dir='ltr'><strong>consedit,</strong></span> <span class='ocrx_word' id='word_1_352' title='bbox 1879 4149 2041 4232; x_wconf 89' lang='lat' dir='ltr'><strong>quod</strong></span> <span class='ocrx_word' id='word_1_353' title='bbox 2078 4157 2205 4213; x_wconf 87' lang='lat' dir='ltr'><strong>erat</strong></span> <span class='ocrx_word' id='word_1_354' title='bbox 2240 4148 2305 4213; x_wconf 88' lang='lat' dir='ltr'><strong>in</strong></span> <span class='ocrx_word' id='word_1_355' title='bbox 2335 4149 2611 4214; x_wconf 81' lang='lat' dir='ltr'><strong>confiniis</strong></span> 
     </span>
     <span class='ocr_line' id='line_1_39' title="bbox 251 4252 2611 4337; baseline 0 -18"><span class='ocrx_word' id='word_1_356' title='bbox 251 4253 538 4337; x_wconf 81' lang='lat' dir='ltr'><strong>oppidum</strong></span> <span class='ocrx_word' id='word_1_357' title='bbox 571 4252 857 4336; x_wconf 87' lang='lat' dir='ltr'><strong>operibus</strong></span> <span class='ocrx_word' id='word_1_358' title='bbox 888 4261 947 4317; x_wconf 90' lang='lat' dir='ltr'><strong>et</strong></span> <span class='ocrx_word' id='word_1_359' title='bbox 973 4253 1108 4318; x_wconf 88' lang='lat' dir='ltr'><strong>loco</strong></span> <span class='ocrx_word' id='word_1_360' title='bbox 1141 4255 1288 4318; x_wconf 87' lang='lat' dir='ltr'><strong>satis</strong></span> <span class='ocrx_word' id='word_1_361' title='bbox 1320 4254 1639 4332; x_wconf 86' lang='lat' dir='ltr'><strong>munitum.</strong></span> <span class='ocrx_word' id='word_1_362' title='bbox 1686 4253 1905 4319; x_wconf 88' lang='lat' dir='ltr'><strong>Statim</strong></span> <span class='ocrx_word' id='word_1_363' title='bbox 1933 4255 2142 4318; x_wconf 90' lang='lat' dir='ltr'><strong>hostes</strong></span> <span class='ocrx_word' id='word_1_364' title='bbox 2172 4252 2437 4337; x_wconf 88' lang='lat' dir='ltr'><strong>undique</strong></span> <span class='ocrx_word' id='word_1_365' title='bbox 2454 4272 2611 4319; x_wconf 88' lang='lat' dir='ltr'><strong>con-</strong></span> 
     </span>
     <span class='ocr_line' id='line_1_40' title="bbox 248 4351 2613 4453; baseline 0 -30"><span class='ocrx_word' id='word_1_366' title='bbox 248 4358 450 4453; x_wconf 84' lang='lat' dir='ltr'><strong>tractis</strong></span> <span class='ocrx_word' id='word_1_367' title='bbox 487 4358 680 4442; x_wconf 87' lang='lat' dir='ltr'><strong>copiis</strong></span> <span class='ocrx_word' id='word_1_368' title='bbox 711 4356 1021 4441; x_wconf 77' lang='lat' dir='ltr'><strong>Pyriscum</strong></span> <span class='ocrx_word' id='word_1_369' title='bbox 1064 4377 1301 4423; x_wconf 90' lang='lat' dir='ltr'><strong>summa</strong></span> <span class='ocrx_word' id='word_1_370' title='bbox 1340 4351 1402 4422; x_wconf 66' lang='lat' dir='ltr'><strong>vi&#39;</strong></span> <span class='ocrx_word' id='word_1_371' title='bbox 1437 4377 1787 4442; x_wconf 81' lang='lat' dir='ltr'><strong>oppugnare</strong></span> <span class='ocrx_word' id='word_1_372' title='bbox 1816 4367 2171 4441; x_wconf 80' lang='lat' dir='ltr'><strong>coeperunt3</strong></span> <span class='ocrx_word' id='word_1_373' title='bbox 2212 4358 2613 4441; x_wconf 80' lang='lat' dir='ltr'><strong>intelligebant</strong></span> 
     </span>
    </p>
   </div>
  </div>
 </body>
</html>
