3102 4866
1283 268 1560 366 ..3⁷⁹

165 532 194 543 Ι
307 454 619 519 ctoriam
661 456 1138 521 contentione
1174 455 1456 539 dignam
1496 453 1886 521 aestimas?
1970 458 2180 542 Itaque
2211 442 2255 545 ἦ
2288 446 2366 522 οὗ
2392 455 2659 539 alienum

306 566 435 621 est:
464 550 586 621 καί
612 565 814 623 autem
840 577 969 624 non
992 559 1065 625 ad
1095 552 1180 624 σύ
1207 558 1490 644 pertinet,
1518 566 1588 622 ut
1616 559 1696 622 sit
1724 567 1799 624 tu
1839 579 2156 646 quoque,
2197 560 2302 626 sed
2333 560 2408 625 ad
2438 553 2671 647 ᾷήριος

304 652 503 741 τίεις,
548 670 755 747 estque
805 663 894 729 sic
942 663 1194 743 dictum,
1250 671 1321 739 ut
1368 663 1432 727 in
1484 664 1885 729 convertendo
1935 664 1996 728 id
2049 666 2215 750 quod
2263 683 2446 749 supra
2487 662 2671 749 posui

307 773 569 844 „vere“
602 768 883 852 usurpari
912 768 1142 846 debeat,
1173 768 1248 833 de
1277 786 1398 851 quo
1431 786 1573 846 usu,
1614 766 1900 851 quoniam
1933 765 2125 832 obiter
2153 770 2373 851 exponi
2398 787 2671 853 nonpo-

307 879 459 950 test,
489 873 841 937 consulendi
869 880 1044 938 erunt
1068 872 1459 938 Doederlinus
1482 872 1556 936 ad
1587 870 1652 937 S.
1684 871 1832 937 Oed.
1847 869 1989 936 'Col
2019 872 2142 936 147
2171 881 2233 936 et
2250 872 2501 952 Ellendt.
2527 872 2670 959 Lex.

313 975 507 1060 Soph.
537 976 582 1054 1,
610 996 672 1061 p.
704 976 851 1042 889.
907 976 1064 1041 Hinc
1090 987 1337 1061 apparet
1364 977 1543 1042 etiam
1573 995 1656 1042 συ
1684 994 1812 1042 non
1832 975 2166 1041 acuendum
2197 976 2308 1042 sed
2336 978 2672 1059 encliticam

313 1098 476 1144 esse.
535 1080 623 1144 De
663 1079 1111 1144 constructione
1150 1080 1316 1155 verbi
1353 1074 1479 1146 τίω
1530 1100 1670 1146 cum
1720 1079 2008 1164 genitivo,
2050 1099 2226 1165 quem
2257 1080 2431 1164 pretii
2458 1100 2672 1146 vocare

315 1183 540 1259 solent,
580 1202 707 1249 non
747 1202 904 1267 opus
954 1191 1048 1249 est
1096 1183 1230 1248 dici.
1318 1185 1445 1249 Iam
1482 1205 1623 1250 vero
1665 1187 1811 1269 quid
1848 1186 1921 1250 ad
1959 1185 2117 1251 banc
2143 1184 2672 1268 interrogationmn

313 1284 822 1369 Clytaemnestra?
878 1286 1301 1371 Respondetne
1332 1290 1493 1373 quod
1523 1280 1884 1374 interrogata
1914 1287 2051 1356 est?
2116 1290 2313 1354 Immo
2353 1289 2549 1373 pergit
2575 1290 2675 1354 in·

313 1399 505 1456 stane:
548 1411 758 1475 parere
787 1391 901 1465 sibi
930 1392 1439 1475 Agamemnonem
1470 1394 1651 1458 iubet.
1711 1395 1916 1478 Atqui,
1954 1394 2112 1458 dicat
2148 1393 2385 1477 aliquis,
2414 1393 2675 1478 scipso,

317 1495 482 1581 quod
500 1498 622 1561 hoc
641 1495 820 1593 iubet,
842 1497 1167 1581 respondet
1188 1496 1364 1562 etiam
1388 1498 1834 1580 quodammodo
1861 1499 1933 1563 ad
1956 1499 2112 1564 illius
2130 1498 2677 1581 interrogationem,

318 1705 774 1789 cupidissimam
797 1725 948 1771 esse.
1006 1707 1116 1779 Est
1140 1708 1261 1771 hoc
1287 1726 1622 1791 peSSlmum
1644 1726 1832 1790 genus
1856 1707 2356 1791 comptelm,
2387 1725 2541 1790 quae
2564 1706 2677 1791 ali·

247 1872 279 1891 .,
318 1828 437 1892 qua
466 1809 588 1874 veri
615 1809 816 1893 specie
844 1810 1042 1876 fallere
1067 1810 1470 1893 indiligentes,
1501 1810 1576 1875 ab
1604 1810 1680 1875 iis
1710 1820 1935 1890 autem,
1964 1811 2066 1895 qui
2094 1811 2294 1889 minus
2318 1819 2489 1875 recto
2518 1809 2679 1891 iudi·

318 1913 415 1977 cio
446 1921 725 1990 utuntur,
756 1913 933 1978 etiam
973 1913 1207 1979 defendi
1235 1914 1494 1996 possint,
1558 1913 1668 1979 His
1698 1914 1896 1998 itaque
1932 1914 2072 2001 illud
2114 1911 2343 1980 πιθοῦ
2370 1931 2494 1993 non
2522 1914 2678 1992 imfi-⁸

318 2016 616 2082 dabimus.
677 2009 795 2095 Qui
826 2027 1020 2083 autem
1051 2017 1404 2102 Aeschylum
1443 2026 1605 2083 recte
1633 2026 1883 2095 norunt,
1922 2018 1996 2083 ab
2026 2037 2218 2102 eoque
2243 2035 2371 2096 non
2400 2017 2483 2096 id,
2512 2017 2676 2101 quod
2816 2073 2824 2078 .

320 2129 427 2186 aut
453 2121 757 2187 tolerabile
786 2130 888 2187 aut
916 2122 1271 2199 excusabile,
1299 2121 1408 2186 sed
1452 2122 1614 2206 quod
1644 2121 1869 2205 ubique
1900 2120 2194 2204 optimum
2224 2121 2431 2205 reique
2458 2140 2677 2199 eonve-

319 2214 764 2291 nientissimum
794 2225 903 2303 sit,
934 2225 1051 2290 dici
1081 2226 1274 2290 solere
1303 2225 1525 2303 sciunt,
1564 2226 1658 2304 hi,
1700 2225 1945 2309 opinor,
1984 2224 2364 2290 librariorum
2411 2243 2680 2302 errorem

323 2336 676 2411 agnoscent,
706 2329 1178 2413 Aeschylumque
1195 2329 1517 2412 scripsisse
1539 2329 1782 2395 credent
1802 2322 1874 2393 τί
1901 2317 2075 2408 όόῗίς
2098 2326 2412 2406 Quidni?
2432 2347 2682 2413 nempez

323 2432 532 2518 quidni
568 2435 875 2501 victoriam
920 2435 1305 2501 contentione
1333 2433 1575 2517 dignam
1630 2430 1989 2499 aestimem?
2020 2435 2185 2517 quod
2223 2435 2379 2499 idem
2410 2442 2504 2499 est
2526 2453 2600 2499 ac
2626 2432 2682 2508 si

321 2540 710 2621 respondeat:
742 2557 887 2605 sane
916 2539 1157 2622 dignam
1188 2538 1457 2603 aestimo.
1510 2537 1794 2603 Similiter
1826 2530 1900 2603 τί
1944 2529 2211 2619 ὀόυχί
2193 2557 2257 2602 ιιι
2285 2538 2703 2621 responsione·

322 2662 358 2707 a
381 2641 846 2726 Clytaemnestra
873 2652 1200 2727 usurpatur
1225 2641 1403 2706 etiam
1433 2662 1488 2706 v.
1521 2642 1668 2707 262.
1725 2643 1919 2725 Atque
1949 2642 2037 2707 sic
2063 2643 2306 2707 demum
2334 2642 2510 2707 etiam
2538 2641 2685 2720 illud
2830 2688 2845 2702 .

323 2746 758 2814 adversativum
785 2742 1019 2832 μέντοι
1060 2748 1123 2813 ιιι
1150 2746 1445 2833 proximo
1459 2746 1738 2811 membro
1766 2756 1927 2811 recte
1965 2767 2032 2811 se
2058 2746 2279 2811 habere
2305 2745 2684 2828 intelligetur

251 2933 258 2938 μ
324 2848 478 2915 Nam
510 2851 831 2936 postquam
861 2853 1170 2918 victoriam
1202 2850 1294 2917 vel
1323 2850 1707 2916 contentione
1736 2849 1972 2932 dignam
2006 2850 2120 2915 sibi
2148 2849 2331 2924 videri
2359 2849 2525 2926 dixit,
2544 2856 2688 2932 apte

325 2954 618 3039 adiungit.
647 2975 857 3022 verum
889 2964 1091 3022 tamen
1120 2963 1189 3020 tu
1215 2955 1366 3021 mihi
1395 2974 1527 3020 eam
1568 2956 1808 3033 volens,
1846 2946 2046 3035 ἑκών,
2076 2954 2138 3018 ιι.
2178 2973 2229 3018 e.
2270 2953 2403 3018 sine
2428 2960 2684 3028 conten-

332 3057 501 3125 tione
530 3061 811 3127 concede.
927 3091 932 3096 ·
964 3119 971 3128 .
1309 3103 1315 3110 -
1756 3101 1763 3108 ·
1818 3103 1821 3108 -
2327 3091 2351 3101 ·⁴

500 3162 728 3249 Restat
758 3165 1076 3230 stasimum
1123 3163 1391 3240 tertium3
1439 3181 1583 3228 nam
1637 3163 1815 3228 huius
1859 3181 2101 3280 quoque
2162 3101 2407 3253 aliquot
2420 3093 2686 3233 vulnera

329 3267 601 3350 gravioea
631 3287 836 3334 curam
865 3277 1138 3334 nostram
1167 3266 1491 3352 postulant.
1583 3266 1797 3331 Statim
1837 3266 1897 3330 in
1927 3266 2125 3350 prima
2163 3266 2442 3350 stropha,
2473 3284 2528 3344 v,
2552 3263 2687 3330 950

330 3390 486 3455 sqq„
517 3391 671 3455 quae
699 3373 762 3437 in
793 3372 1100 3439 codicibus
1131 3379 1358 3436 extant:
1386 3365 1627 3456 χρόνος
1670 3361 1889 3434 δ’ἐπεὶ
1936 3364 2095 3451 (ἐπὶ
2137 3370 2353 3449 Farn.)
2385 3388 2689 3457 πρυμνη-

326 3468 497 3540 σίων
547 3470 979 3562 ξυνεμβόλοις
1029 3467 1354 3560 ψαμμίας
1405 3464 1667 3551 ἀκάτοις
1720 3463 1983 3556 (dxci-m
2037 3475 2232 3553 Flor.)
2294 3466 2693 3561 παρήβησεν

327 3571 706 3667 (παρήβηθ
734 3581 948 3659 Farn.)
994 3566 1141 3645 εὖθ’
1183 3571 1296 3644 ὑπ’
1338 3570 1561 3646 Ἴλιον
1603 3563 1776 3665 ὦρτο
1818 3569 2497 3667 ναυβάταςΝσ-τρᾳτρς,
2542 3575 2694 3644 1200
2830 3615 2839 3620 ,¹
2932 3609 2940 3615 .
3042 3601 3053 3606 -

326 3683 473 3770 quid
502 3684 1104 3772 signiflmrepossint
1124 3683 1361 3752 difficile
1387 3682 1556 3751 dictu
1581 3692 1691 3749 est.
1751 3682 1903 3748 Nam
1934 3683 2167 3748 etiamsi
2193 3677 2431 3767 χρόνος
2464 3673 2696 3752 δ’ἕπσί

327 3789 553 3854 dictum
583 3790 767 3855 videri
795 3790 994 3907 possit
1020 3810 1134 3875 pro
1162 3784 1396 3876 χρόνος
1424 3779 1672 3854 δ’ἐστὶν
1698 3780 1962 3852 ἐπεί-
1991 3787 2113 3853 diu
2143 3794 2284 3866 est,
2314 3806 2395 3852 ex
2422 3804 2697 3869 quom,

328 3891 502 3956 deest
534 3900 735 3958 tamen
775 3893 864 3958 sic
900 3893 1081 3958 verbo
1124 3888 1484 3982 παρήβησε
1522 3909 1704 3957 suum
1740 3891 2093 3957 subiectum.
2183 3889 2292 3955 Sin
2343 3892 2503 3973 quis
2518 3889 2694 3954 verba

328 4003 641 4060 construat
678 3996 742 4060 ιιι
781 3997 945 4061 hunc
980 3998 1263 4062 modum·
1313 3990 1475 4063 ἐπει
1520 3991 1599 4061 δὲ
1639 3990 1874 4079 χρόνος
1915 3987 2337 4081 παρήβησεν,
2376 3980 2531 4059 εὖθ’
2572 3981 2690 4060 ὑπ’
2734 3999 2803 4054 35

321 4089 543 4164 Ἴλιον
584 4087 763 4186 ὦρτο
803 4095 1177 4186 στρατόςι.
1219 4121 1271 4165 e.
1311 4107 1701 4183 postquam
1752 4107 2046 4182 tempus
2100 4097 2444 4175 exolevit,
2480 4101 2698 4179 quum

330 4204 707 4269 exercitus
754 4204 1107 4269 adversus
1146 4204 1354 4268 Ilium
1401 4203 1792 4287 profectus
1833 4210 1978 4280 est,
2024 4219 2153 4267 non
2192 4201 2375 4266 modo
2405 4201 2698 4267 absonam

328 4306 622 4372 habemus
661 4307 1017 4374 sententiam
1065 4307 1506 4391 dictionemque
1547 4306 1862 4370 mirificam
1881 4351 1900 4382 ‚
1954 4306 2059 4371 sed
2114 4305 2285 4371 deest
2332 4305 2511 4374 etiam
2541 4304 2704 4378 ,huic

2166 4408 2293 4472 12.*
