3102 4866
1593 351 1716 417 148

458 539 702 619 dicim,
730 560 848 625 qna
877 541 1013 625 quis
1041 541 1349 606 incassum
1378 540 1665 623 nulloque
1692 559 1830 605 cnm
1860 540 2058 604 stuctn
2085 540 2338 622 angitur.
2395 542 2475 608 Et
2499 542 2635 608 talia
2662 544 2820 608 futu·

458 662 670 710 rorum
699 645 996 710 malornm
1023 645 1332 729 praesagia
1361 645 1537 709 etiam
1567 663 1623 707 v.
1654 643 1783 708 246
1813 644 2036 709 chorus
2064 644 2376 709 recusavit.

631 748 698 812 V.
735 747 920 814 1096.
977 747 1312 813 Cassandra
1333 747 1492 814 canit
1520 755 1749 812 sortem
1780 766 1953 811 snam
1984 766 2385 830 conquerens:

866 842 951 917 ἔα)
993 843 1078 917 ἰώ
1117 843 1439 929 ταλαίνας
1478 842 1911 948 κακόποτμοι
1949 845 2165 933 τύχαι.

861 951 945 1022 τὸ
990 950 1117 1044 γάρ
1158 948 1321 1039 huin
1362 950 1561 1040 θροῶ
1602 946 1845 1032 πάθος
1886 947 2287 1039 &amenon-

456 1077 715 1142 qnorum
743 1079 1023 1126 versuum
1051 1061 1216 1139 alter,
1244 1080 1429 1145 quum
1457 1056 1891 1141 antistrophico
1922 1078 1977 1122 v.
2014 1058 2181 1124 1106
2210 1077 2329 1124 ma
2350 1058 2570 1144 syllaba
2588 1058 2827 1143 longior

455 1162 550 1239 sit,
563 1163 994 1230 oblisi-manno
1009 1174 1276 1231 mutatus
1297 1172 1410 1239 est,
1432 1163 1625 1246 prima
1648 1178 1909 1245 persona
1930 1159 2123 1249 θροῶ
2143 1163 2206 1227 ἰιι
2228 1164 2551 1229 secundam
2566 1163 2822 1251 θροεῖς,

458 1266 768 1350 participio
797 1278 997 1335 antem
1028 1288 1102 1333 ex
1121 1269 1409 1334 feminino
1427 1258 1806 1350 ἐπεγχέασα
1833 1264 1899 1329 in
1920 1267 2318 1333 masculinum
2339 1261 2665 1353 δπιγχέας
2685 1288 2818 1333 ιιιιι-
2906 1290 2910 1295 ·

457 1377 598 1434 tato.
655 1371 722 1436 Id
745 1372 988 1455 probari
1015 1372 1182 1437 nullo
1206 1372 1394 1437 modo
1417 1377 1637 1455 potest.
1696 1368 1850 1433 Nam
1874 1368 2098 1435 chorus
2118 1371 2267 1437 nihil
2294 1372 2415 1437 nisi
2434 1372 2509 1437 de
2529 1372 2822 1438 vaticiniis
2938 1432 2948 1440 .

458 1472 822 1541 Cassandrae
851 1476 1079 1542 dixerat
1104 1474 1382 1541 infaustis
1408 1474 1641 1557 sibique
1670 1472 1875 1537 auditu
1896 1472 2168 1556 ingratis,
2199 1476 2362 1559 qnod
2392 1477 2666 1561 profecto
2695 1495 2818 1542 non

457 1587 585 1643 erat
614 1588 841 1644 sortem
871 1580 1031 1645 illius
1061 1580 1369 1664 conqueri.
1427 1578 1623 1643 Immo
1663 1584 1825 1641 recte
1856 1596 1923 1642 se
1958 1577 2137 1643 habet
2162 1577 2385 1665 θροῶε
2422 1581 2633 1665 incipit
2660 1581 2818 1647 enim

454 1682 586 1763 ipsa
613 1700 777 1749 nunc
803 1684 922 1748 iam
952 1702 1059 1748 sna
1089 1683 1245 1748 mala
1283 1681 1615 1748 lamentari.
1673 1681 1793 1746 Sed
1822 1674 2204 1766 ἕπεγχέασα
2229 1703 2303 1748 ex
2329 1685 2821 1768 intumi-statione

455 1787 697 1870 irrepsit
733 1807 848 1871 pro
879 1809 981 1866 eo,
1011 1789 1174 1871 quod
1203 1786 1532 1870 Aeschylus
1563 1784 1908 1869 scripserat,
1939 1778 2334 1871 ἔπεγχυτόνε
2363 1808 2592 1854 meam
2622 1789 2817 1855 cala-

453 1890 809 1969 mitatem,
838 1892 1059 1977 inquit,
1089 1888 1647 1975 Agamemnonis
1688 1887 2088 1955 calamitati
2117 1891 2521 1979 admixtam.
2583 1893 2819 1959 Scilicet

452 1994 590 2077 quia
618 1995 681 2059 in
712 1995 848 2061 fatis
880 1997 1014 2072 mit,
1043 2004 1110 2061 ut
1139 2014 1258 2060 una
1286 2014 1428 2060 cum
1456 1994 1906 2074 Agamemnone
1946 1994 2081 2076 ipsa
2116 2013 2359 2079 qnoque
2388 1996 2637 2080 periret,
2668 2014 2817 2081 pro·

450 2106 654 2179 pterea
681 2099 863 2164 huius
893 2099 1043 2164 sorti
1070 2118 1241 2164 snam
1271 2097 1591 2163 admixtam
1622 2096 1780 2161 dicit.
1842 2094 1960 2162 Sed
1984 2097 2366 2181 imunitates,
2397 2099 2569 2184 qnasi
2597 2100 2819 2167 diceret

450 2220 550 2277 se,
582 2211 904 2287 postquam
931 2202 1398 2285 Agamemnonis
1427 2210 1654 2266 sortem
1685 2208 1894 2283 questa
1922 2200 2035 2276 sit,
2075 2218 2238 2267 nunc
2274 2201 2638 2270 adiocturam
2668 2224 2814 2271 suae

449 2305 634 2371 sortis
671 2306 1133 2391 querimoniam,
1171 2298 1555 2390 ἕπεγχέασα
1590 2303 2058 2386 adscripsemnt.
2117 2303 2404 2370 Similiter
2437 2308 2814 2392 parn’cipium

448 2427 563 2493 pro
602 2410 851 2477 nomine
886 2409 1106 2477 verbali
1136 2409 1379 2493 irrepsit
1414 2429 1469 2475 v.
1510 2409 1669 2485 405,
1724 2402 2219 2495 παραλλάξασα
2248 2428 2361 2494 pro
2391 2407 2814 2504 παραλλαγᾷ,

448 2525 509 2577 ot
536 2511 877 2598 Cboephn
877 2514 1010 2580 .65
1045 2506 1501 2603 καθαίροντες
1527 2531 1643 2595 pro
1686 2505 2119 2598 καθαρσίοις,
2150 2514 2313 2597 quod
2335 2524 2495 2581 recte
2516 2515 2812 2584 Herman-

450 2636 570 2684 nns
592 2619 871 2684 restitnit.
898 2654 989 2668 —
1016 2617 1224 2703 Neque
1246 2626 1400 2692 erat,
1432 2616 1638 2700 qnod
1621 2635 1684 2681 m
1706 2617 1985 2701 proximo
2008 2637 2205 2694 versu,

853 2723 985 2790 ποῖ
1025 2716 1112 2810 δή
1152 2742 1240 2805 με
1283 2717 1481 2810 δεῦρο
1520 2716 1646 2808 τήν
1686 2716 2008 2786 τάλαιναν
2048 2710 2320 2809 ἤγαγεςς

442 2845 557 2911 pro
610 2825 876 2892 secunda
924 2844 1187 2910 persona
1227 2826 1398 2890 tertia
1444 2814 1692 2912 ἤγαγεν
1728 2825 2105 2890 sm’beretur.
2193 2825 2343 2891 Vera
2391 2837 2487 2892 est
2535 2829 2808 2895 codicum

442 2931 768 3015 scriptura·
799 2929 1150 2995 obversatur
1177 2929 1337 2994 enim
1367 2929 1739 2994 Cassandrae
1765 2928 1968 2993 animo
1998 2929 2240 3012 Apollo,
2269 2949 2446 3014 quem
2476 2932 2809 3016 appellave-

441 3044 534 3101 rat
569 3054 755 3120 supra
781 3033 1040 3100 v.1032
1070 3043 1131 3099 et
1166 3033 1358 3110 1036,
1397 3032 1473 3097 ab
1514 3051 1708 3115 eoque
1748 3053 1817 3098 se
1853 3032 1976 3097 huc
2013 3032 2324 3100 deductam
2363 3045 2573 3119 questa
2603 3047 2730 3102 erat
2754 3058 2806 3102 v.

448 3140 643 3218 10463
671 3158 864 3225 neque
894 3159 1051 3223 opus
1080 3148 1209 3204 erat
1235 3154 1398 3202 nunc
1437 3154 1678 3220 quoqne
1718 3136 1938 3201 disens
1963 3139 2220 3204 eundem
2260 3139 2587 3219 nominari,
2617 3160 2808 3259 qnan-

438 3244 762 3328 doquidem
800 3262 981 3309 nemo
1022 3242 1190 3308 facile
1228 3250 1348 3306 tam
1390 3241 1596 3305 tardus
1638 3250 1759 3319 est,
1803 3241 1947 3326 quin
1987 3242 2165 3307 etiam
2206 3242 2338 3308 sine
2374 3245 2623 3354 nomine
2672 3243 2806 3329 quis

436 3347 853 3442 intelligendus
882 3348 964 3413 sit
992 3343 1335 3431 perspiciat.

341 3472 405 3524 10
613 3449 1421 3517 Inchoriverbisv.1112:

843 3577 933 3621 τα
977 3546 1040 3619 δ’
1083 3545 1397 3642 ἐπίφοβα
1441 3547 1771 3641 δυσφάτῳ
1817 3550 2078 3644 κλαγγᾷ
2250 3609 2257 3614 .

838 3655 1244 3743 μελοτυπεῖς
1285 3646 1488 3739 ὁμοῦ
1526 3647 1583 3721 τΡ
1629 3647 1908 3743 ὀρθίοις
1947 3654 2020 3725 ἓν
2060 3652 2312 3743 νόμοις,

435 3764 575 3829 illud
618 3752 793 3845 ὅμοῦ
833 3754 892 3827 τ’
936 3762 1154 3828 falsum
1193 3780 1330 3826 esse
1368 3778 1496 3825 non
1532 3769 1738 3844 potest
1775 3762 2060 3843 dubitari3
2102 3763 2210 3828 sed
2247 3783 2374 3830 non
2413 3765 2620 3831 minus
2660 3767 2798 3833 falsa

433 3877 526 3934 est
555 3867 882 3934 Hermanni
912 3866 1278 3932 emendatio:
1306 3860 1712 3949 μελοτυπεῖς
1754 3857 1924 3950 ὁμοῦ
1965 3859 2262 3948 merom?
2294 3860 2571 3958 ὀρθίοις
2595 3865 2668 3936 ἓν
2691 3865 2799 3937 νό-

429 3992 605 4055 μοις.
669 3971 770 4038 Sic
797 3971 958 4037 enim
989 3971 1083 4035 ille
1114 3969 1383 4054 scripsit,
1414 3970 1646 4052 integro
1677 3971 1828 4053 pede
1855 3970 1928 4035 ad
1952 3991 2190 4037 versum
2223 3972 2456 4050 addite,
2482 3983 2798 4058 propterea

432 4079 597 4161 quod
626 4077 804 4142 etiam
834 4077 898 4142 in
929 4075 1183 4158 stropha
1203 4094 1256 4139 v.
1289 4073 1454 4138 1102
1479 4074 1569 4138 sic
1588 4071 1663 4138 ab
1684 4074 1975 4158 Aeschylo
1993 4077 2282 4159 scriptum
2306 4078 2495 4142 misse
2516 4078 2795 4144 coniecit:

430 4171 753 4267 ἀκόρετος
777 4175 952 4266 βοᾶς
980 4169 1452 4266 φιλοίκτοις
1477 4170 1907 4258 ταλαίναις
1935 4173 2189 4268 φρεσίν.
2248 4181 2323 4247 Et
2350 4182 2628 4266 leguntur
2654 4200 2797 4248 sane

427 4284 575 4350 haec
604 4286 724 4351 dno
758 4284 1018 4370 epitheta
1048 4285 1110 4348 in
1140 4284 1274 4349 eod.
1304 4283 1447 4348 Ven.
1478 4291 1538 4348 et
1564 4283 1759 4361 Flor.;
1789 4283 1896 4348 sed
1926 4304 2127 4350 veram
2157 4288 2516 4370 scripturam
2545 4288 2795 4352 servavit

428 4388 562 4453 cod.
590 4388 800 4466 Farn„
841 4389 904 4453 in
945 4380 1067 4472 qtio
1105 4389 1304 4454 solum
1345 4379 1733 4476 φιλοίκτοις
1768 4396 1956 4465 extat,
1999 4391 2229 4455 omisso
2271 4390 2398 4455 eins
2438 4392 2792 4476 interpreta-
