3102 4866
1355 283 1483 350 4⁰3

236 481 486 537 tracme
537 472 936 551 deflevimus,
973 452 1341 537 'vocabulum
1380 483 1620 548 auctor,
1659 473 1735 538 de
1770 474 1942 541 cuius
1971 476 2062 542 vel
2089 475 2591 565 significationum

236 575 614 641 multitudine
644 594 765 641 uno
787 593 1002 660 genere
1031 576 1597 660 comprehendenda
1631 587 1695 644 et
1730 598 1841 662 per
1878 580 2109 665 species
2149 581 2472 647 commode
2495 581 2593 647 di·

233 680 516 764 gerenda,
552 681 643 748 vel
679 682 866 764 stirpe
910 691 1086 766 atque
1125 681 1385 764 origine,
1423 682 1586 746 unde
1624 682 1803 748 simul
1838 685 2040 768 ipsum
2079 688 2251 769 quasi
2279 706 2504 772 corpus
2529 699 2596 754 et

233 786 431 851 forma
457 785 744 864 vocabuli,
772 785 952 850 simul
972 786 1269 870 primitiva
1298 786 1653 868 significatio
1684 792 2004 855 commode
2030 800 2357 875 repetatur,
2393 792 2592 859 diver·

235 890 513 957 sissimae
538 891 734 956 adhuc
760 891 1001 956 fuerunt
1029 891 1523 958 doctissimorum
1550 894 1822 959 virorum
1849 895 2205 961 sententiae:
2248 915 2364 962 nos
2388 911 2592 963 uti-um

230 1015 432 1074 veram
471 995 765 1062 rationem
802 997 1318 1081 perspexerimus,
1353 1015 1428 1062 an
1469 1017 1738 1064 errorem
1776 1000 1971 1065 errori
2008 1001 2328 1079 addamus,
2364 985 2594 1087 perito-

230 1118 367 1165 rum
396 1109 530 1166 esto
560 1099 863 1165 iudicium.
921 1102 1009 1167 Ac
1034 1102 1300 1186 primum
1329 1103 1572 1187 quidem
1603 1104 1765 1188 qnod
1796 1104 1871 1170 ad
1910 1107 2167 1171 formam
2199 1106 2470 1172 vocabuli
2498 1117 2593 1174 at·

230 1206 398 1283 tinet,
430 1217 639 1271 auctor
664 1206 888 1272 rectius
918 1226 1098 1290 quam
1129 1217 1309 1273 atuor
1337 1206 1515 1272 scribi
1546 1225 1714 1273 nunc
1741 1208 1981 1292 quidem
2015 1210 2163 1276 satis
2185 1210 2343 1276 inter
2374 1231 2593 1305 'omnes

232 1318 468 1375 constat
493 1329 679 1395 quum
711 1319 964 1395 propter
985 1311 1259 1378 codicum
1289 1312 1660 1395 optimorum
1691 1321 1752 1376 et
1765 1314 2310 1381 vetustissimorum
2333 1334 2596 1383 consen·
2719 1328 2731 1341 ·

230 1433 389 1493 sum,
418 1423 546 1479 tum
578 1426 827 1500 propter
864 1416 1173 1482 titulorum
1202 1416 1578 1494 testimonia,
1608 1433 1768 1499 qnae·
1797 1416 2118 1500 palatinam
2154 1419 2409 1485 litteram
2437 1422 2594 1486 anti-

190 1541 195 1544 ·
231 1518 431 1602 quitus
461 1519 748 1586 vocabulo
777 1521 1022 1587 insitam
1058 1522 1246 1586 fuisse
1287 1521 1737 1598 demonstrant,
1773 1519 1913 1587 licet
1947 1523 2286 1606 posteriore
2321 1534 2595 1610 tempore

229 1625 379 1688 etin
408 1624 657 1690 noviciis
696 1626 935 1710 linguae
970 1626 1186 1691 latinae
1222 1625 1457 1691 filiabus
1496 1627 1828 1702 evanuerit,
1873 1626 2076 1692 itidem
2114 1636 2185 1693 ut
2221 1629 2281 1693 in
2314 1640 2480 1694 actus
2507 1664 2595 1678 —-
2629 1657 2638 1662 ·

231 1738 378 1801 atto,
410 1739 672 1795 vadare
700 1765 786 1778 —
812 1741 1094 1805 nauare,
1133 1741 1382 1796 vectura
1410 1765 1496 1778 —
1522 1741 1761 1796 vectura
1797 1730 2042 1817 aliisque
2078 1721 2139 1797 id
2180 1723 2369 1816 genus
2410 1741 2592 1817 q‘uam

228 1832 502 1915 plurimis
527 1839 605 1914 ¹).
675 1836 908 1913 Quodsi
956 1846 1260 1901 auctorem
1300 1843 1530 1900 veteres
1581 1834 1884 1913 dicebant,
1931 1854 2059 1901 non
2104 1848 2406 1915 merorem,
2446 1837 2592 1902 haec
2625 1852 2660 1902 4

228 1936 359 2019 ipsa
403 1938 595 2002 forma
639 1939 908 2005 vocabuli
949 1939 1151 2005 minus
1194 1937 1562 2022 probabilem
1607 1940 1748 2004 facit
1786 1958 1999 2006 eorum
2059 1941 2443 2020 sententiam,
2483 1943 2590 2026 qui

230 2041 481 2125 stirpem
519 2041 648 2107 eius
676 2044 742 2107 in
770 2049 984 2126 graeco
1015 2044 1376 2127 pronomine
1406 2033 1609 2121 αὐτός
1649 2042 1765 2108 sibi
1793 2043 2061 2109 invenire
2089 2044 2199 2110 visi
2231 2054 2400 2109 sunt:
2430 2046 2592 2112 nulla

227 2144 399 2208 enim‘
417 2144 569 2209 ratio
597 2147 917 2229 excogitari
945 2155 1166 2231 potest,
1196 2145 1588 2230 quamobrem
1606 2145 1839 2212 clittera
1861 2147 2057 2212 addita
2089 2147 2197 2227 sit3
2223 2148 2343 2213 nisi
2372 2149 2427 2216 si
2455 2143 2605 2233 quis'

225 2257 451 2314 veteres
482 2249 629 2315 falsa
659 2250 1052 2334 originatione
1081 2251 1388 2335 deceptos,
1418 2268 1605 2332 quum
1635 2250 1709 2314 ab
1734 2251 2000 2335 mendo
2029 2263 2335 2316 auctorem
2363 2253 2589 2319 dictum
2639 2323 2644 2332 ,

228 2362 587 2433 statuerent,
628 2355 766 2420 huic
803 2356 977 2441 stirpi
1018 2354 1571 2441 pronuntiationem
1611 2355 2103 2420 accommodasse
2130 2355 2382 2438 dicat2).
2441 2355 2594 2423 Gra-

225 2459 359 2523 vius
388 2459 506 2525 hoc
526 2469 639 2538 est,
670 2460 834 2544 quod
856 2461 956 2525 isti
981 2460 1359 2543 originationi
1378 2460 1578 2525 omnis
1594 2460 1858 2544 analogia
1873 2469 2183 2544 repugnat.
2212 2461 2419 2544 Neque
2431 2463 2591 2527 enim
2651 2495 2658 2503 ·

116 2597 120 2602 ·
226 2580 494 2646 unquam
532 2585 605 2630 cx
642 2584 849 2649 graeca
888 2564 1305 2631 terminatione
1342 2567 1420 2636 ἴς
1457 2564 1544 2628 vel
1583 2565 2233 2663 ogia-quemadmodum
2272 2566 2487 2635 Aeoles
2531 2576 2595 2631 et

229 2668 550 2735 Dorienses
576 2669 851 2735 nonnulli
889 2668 1386 2753 pronuntiabant,
1426 2668 1670 2734 latinam
1701 2688 1799 2748 or,
1828 2654 1972 2735 ’ὀῖἰῖ
2005 2671 2272 2737 extitisse
2305 2671 2598 2749 videmus,

228 2790 423 2856 neque
453 2793 677 2839 nomen
705 2774 858 2852 fleri,
887 2775 1051 2858 quod
1081 2792 1424 2857 pronomen
1453 2782 1564 2851 est,
1594 2791 1786 2858 neque
1815 2775 2065 2839 omnino
2097 2794 2285 2859 posse
2314 2776 2435 2840 hoc
2461 2775 2594 2840 fleri

227 2878 589 2957 iudicamus,
630 2889 879 2965 propter
908 2880 1204 2945 diversam
1234 2877 1545 2963 utriusque
1573 2878 1896 2944 verborum
1926 2880 2161 2962 generis
2191 2889 2467 2945 naturam
2498 2888 2593 2944 nt·

229 3002 344 3067 que
387 2983 668 3048 indolem.
730 2984 965 3062 Quodsi
1008 2983 1142 3068 quis
1186 2985 1443 3049 fortasse
1485 2983 1736 3048 latinum
1780 2995 1960 3048 autor
2004 3002 2133 3048 non
2177 2983 2418 3067 quidem
2447 2984 2590 3050 illud

228 3087 433 3170 ipsum
461 3106 739 3169 graecum
769 3079 974 3175 αὖτόρ
1004 3108 1140 3153 esse
1168 3088 1341 3163 dicat,
1373 3074 1480 3152 sed
1511 3107 1585 3153 ex
1614 3087 1821 3152 eadem
1854 3098 2055 3152 tamen
2094 3087 2281 3171 stirpe
2308 3107 2592 3171 procrea·

229 3200 376 3268 tum,
403 3192 567 3257 hunc
597 3212 838 3276 quoque
864 3192 1023 3258 nihil.
1041 3194 1237 3258 dicere
1264 3209 1607 3259 censemus.
1666 3192 1904 3275 Quippe
1933 3190 2189 3256 dubitari
2218 3209 2345 3256 non
2374 3202 2594 3283 potest,
2637 3262 2642 3268 ,

229 3297 377 3380 quin
405 3298 783 3381 pronominis
814 3288 1018 3376 αὐτός
1042 3297 1196 3364 duae
1228 3296 1446 3380 stirpes
1479 3296 1622 3374 sint,
1638 3296 1816 3362 altera
1841 3283 1928 3360 αὖ
1943 3296 2252 3378 particula,
2279 3295 2462 3362 altera
2490 3300 2594 3375 ΐο,

228 3400 675 3467 demonstrativi
705 3403 1084 3486 pronominis
1112 3402 1281 3468 radix
1298 3405 1359 3483 ³)
1374 3452 1391 3481 ,
1430 3421 1685 3488 quarum
1725 3410 1933 3467 neutra
1972 3400 2155 3467 latino
2196 3400 2431 3466 nomini
2469 3401 2593 3465 ullo

373 3668 421 3735 1)
457 3669 777 3740 Hispanicum
800 3649 1023 3738 lingnam
1048 3670 1242 3741 excipit
1264 3667 1724 3723 Banhm-Rosen.
1750 3666 1815 3721 de
1836 3666 2066 3722 domnici«)
2092 3684 2140 3737 p.
2161 3665 2280 3732 246,
2308 3682 2594 3736 provocans
2668 3689 2686 3695 -

230 3755 295 3808 nd
313 3755 561 3810 vocabula
583 3761 747 3825 actor,
770 3758 948 3824 lector,
971 3763 1163 3826 rector,
1190 3773 1320 3828 qnae
1343 3756 1557 3811 latinam
1579 3754 1793 3809 sormam
1811 3755 2123 3809 immutatam
2148 3763 2443 3809 servarunt.
2489 3755 2595 3809 Sed

230 3843 359 3896 hacc
380 3843 535 3897 etiam
554 3845 689 3913 apud
712 3843 943 3899 thuan·
916 3862 947 3898 c
968 3845 1196 3899 litteram
1232 3861 1332 3899 non
1366 3844 1634 3898 amittam.
1668 3850 1850 3897 contra
1871 3848 2047 3897 mda-
2069 3842 2279 3912 Hispani
2299 3842 2594 3923 dicuntpro

228 3933 478 3998 mdes-e,
501 3936 559 3982 et
579 3930 839 3999 mandor,
861 3937 921 3984 ut
942 3932 1139 4001 opinor,
1166 3948 1263 3985 non
1287 3929 1564 3985 mactatio?
1584 3929 1689 3983 nl»
1674 3945 1787 3999 ipso
1812 3929 2106 3983 Ballhornio
2126 3929 2232 3981 dici
2244 3930 2410 3983 solet.
2466 3928 2596 3982 Item

189 4058 202 4068 .
230 4021 407 4072 trata·
429 4016 605 4071 dicunt
626 4033 721 4087 pro
748 4023 1022 4086 tractare,
1038 4019 1277 4088 etsi-uto
1313 4034 1407 4089 pro
1425 4018 1630 4087 fructu
1663 4024 1720 4070 et
1750 4017 1862 4072 luto
1894 4034 1989 4088 pro
2013 4018 2173 4072 ludu.
2221 4015 2401 4086 ltaque
2423 4031 2490 4069 ex
2511 4032 2596 4082 eo,

229 4104 367 4175 qnod
386 4103 452 4157 nb
476 4103 712 4174 Hispanis
733 4110 892 4160 maor
912 4105 1117 4174 dicitnr,
1144 4121 1461 4177 nequaquam
1485 4105 1843 4174 consequitur,
1876 4104 2032 4158 ctiam
2059 4120 2089 4157 n
2112 4103 2378 4157 veteribus
2398 4102 2596 4157 Latinis

230 4192 302 4244 m
325 4191 722 4344 ὼξῖῃέιίἒιὲιιίῑ
742 4278 910 4332 Reieri
936 4281 1211 4347 sententis,
1228 4295 1446 4334 excurs.
1463 4279 1537 4331 nd
1560 4277 1666 4331 Cic.
1690 4277 1756 4330 l'r.
1782 4293 1860 4330 or.
1885 4292 1980 4346 pro
2006 4251 2179 4330 Tullio
2204 4284 2305 4330 etc.
2319 4287 2382 4346 p.
2406 4276 2527 4331 245.

370 4362 423 4431 3)
461 4363 608 4419 Conl.
632 4363 904 4420 Hermann.
932 4366 996 4419 de
1020 4366 1316 4436 pronomine
1340 4359 1535 4433 αὐτός,
1563 4363 1795 4450 opuscul.
1829 4371 1954 4419 tom.
1993 4364 2040 4417 1.
2065 4380 2115 4433 p.
2143 4362 2273 4429 308·
2300 4379 2596 4435 quamquam

2055 4451 2185 4555 26f

1913 4673 1944 4709 s

1921 4718 1954 4732 Β»

2717 2442 2752 2472 ,ί
