3102 4866
1610 293 1698 362 42

2455 436 2470 469 0

482 481 643 565 quod
682 500 805 564 quo
831 480 961 548 iure
989 484 1212 549 fectum
1242 483 1347 560 sit,
1385 503 1457 548 ex
1486 483 1589 561 iis,
1631 503 1784 568 quae
1811 504 1845 550 a
1872 504 1973 550 me
2010 486 2280 569 exposita
2308 497 2477 564 sunt,
2506 508 2842 573 propemo-

481 587 627 651 dum
654 586 771 652 iam
803 588 950 653 satis
975 589 1199 671 liquere
1225 588 1502 654 arbitror.
1587 588 1756 653 Certe
1784 608 2292 674 supervacaneum
2319 593 2484 657 bunc
2510 593 2709 658 locum
2740 603 2845 659 ant

479 691 555 756 ad
593 691 966 775 superiorem
1006 693 1339 759 Aristotelis
1378 693 1847 777 disputationem
1886 714 2011 759 non
2049 697 2195 760 satis
2229 706 2437 779 aptum
2473 714 2655 762 nemo
2708 717 2842 762 am-

344 842 349 849 .
477 794 637 878 plius
677 796 907 861 credet:
949 816 1100 881 quae
1138 806 1335 863 autem
1380 817 1597 863 censor
1634 799 1727 864 ille
1764 799 1829 863 in
1868 800 2117 882 singulis
2154 810 2257 866 aut
2294 800 2445 866 mira
2484 795 2588 865 aut
2623 801 2840 867 vitiosa

478 907 582 964 aut
619 900 1031 966 commenticia
1070 921 1207 968 esse
1244 902 1616 981 criminetur,
1654 904 1803 969 haec
1840 906 2040 971 omnia
2081 915 2184 971 aut
2221 907 2461 971 suerunt
2499 906 2729 970 dudum
2766 906 2841 971 ab
2885 903 2893 911 ’

477 1002 608 1067 eliis
647 1003 734 1067 vel
773 1003 1014 1070 defensa
1058 1008 1143 1072 vel
1180 1018 1483 1083 excusata,
1517 1015 1621 1072 aut
1655 1009 1816 1074 nulla
1844 1011 2002 1094 apud
2032 1011 2311 1075 cordatos
2347 1011 2601 1075 lectores
2632 1011 2840 1076 deren-

479 1106 653 1173 sione
674 1108 765 1173 vel
787 1112 1165 1176 excusatione
1187 1131 1358 1195 egere
1384 1112 1674 1177 videntur.
1698 1147 1785 1161 -
1808 1113 1927 1178 Sed
1951 1116 2244 1198 quoniam
2258 1116 2433 1180 etiam
2457 1134 2491 1180 a
2514 1114 2842 1193 Nitzscbio,

476 1213 605 1277 viro
645 1211 932 1296 primario
973 1224 1033 1279 et
1068 1235 1207 1281 vere
1247 1216 1478 1293 critico,
1526 1234 1652 1280 non
1694 1218 1933 1300 quidem
1972 1220 2233 1304 scriptus
2273 1219 2348 1285 ab
2376 1219 2696 1285 Aristotele
2744 1220 2843 1285 bic

476 1322 651 1388 locus
679 1340 815 1386 esse
839 1328 1118 1403 negatur,
1158 1321 1266 1385 sed
1296 1320 1598 1386 dubitatur
1624 1330 1822 1386 tamen
1850 1324 2126 1389 nonnihil
2153 1326 2227 1390 de
2247 1325 2473 1389 ‘iudicio
2503 1325 2840 1389 Aristotelis
2874 1341 2883 1349 ·

476 1426 726 1510 eiusque
747 1425 1003 1503 veritate,
1031 1424 1191 1490 banc
1218 1444 1461 1508 quoque
1477 1423 1907 1492 dubitationem
1929 1447 2057 1493 non
2086 1430 2286 1514 putavi
2315 1429 2548 1495 silentio
2572 1438 2839 1512 praeter-

475 1530 856 1605 mittendam,
911 1549 1099 1614 quum
1150 1530 1501 1613 praesertim
1554 1549 1683 1594 eam
1724 1530 1868 1596 dilui
1914 1552 2103 1617 posse
2140 1553 2396 1618 sperem.
2491 1533 2844 1616 Disputatur

476 1645 676 1700 autem
728 1656 764 1714 a
817 1635 942 1700 viro
994 1636 1543 1720 praestantissimo,
1595 1635 1784 1700 Melet.
1841 1637 1915 1701 de
1964 1638 2103 1703 hist.
2143 1637 2320 1702 Hom.
2361 1637 2434 1713 11,
2474 1658 2534 1723 p.
2583 1640 2683 1714 17,
2724 1639 2843 1703 boc

477 1741 694 1805 modo:
733 1740 878 1817 „Ex
915 1748 1046 1805 eo“
1086 1740 1558 1826 inquit·‚,quod
1596 1740 1854 1822 tragici
1892 1741 2135 1806 iliadis
2176 1760 2435 1826 parvae
2473 1756 2724 1825 partes
2763 1743 2840 1806 in

380 1849 447 1904 18
480 1861 811 1927 magnum
867 1844 1270 1910 fabularum
1324 1862 1699 1908 numerum
1755 1855 2290 1923 converterant,
2343 1846 2629 1929 colligit
2678 1848 2839 1911 Ari-

474 1950 820 2025 stoteles,
859 1949 1015 2014 eius
1055 1949 1411 2013 actionem
1460 1948 1700 2012 minus
1740 1963 1901 2014 esse
1939 1969 2347 2033 congruam.
2436 1950 2621 2015 Haec
2662 1970 2839 2015 con-

475 2053 713 2119 clusio
743 2052 1336 2138 probabilitatem
1367 2052 1610 2129 babet,
1641 2054 2154 2119 necessitatem
2185 2054 2515 2119 nullam-‘⁴
2604 2054 2843 2120 Scilicet

392 2237 400 2245 ἱ
476 2157 531 2222 si
569 2167 874 2237 constaret
923 2178 1001 2223 ea·
1041 2158 1430 2222 conclusione
1467 2157 1843 2249 Aristotelem
1894 2177 2074 2224 usum
2125 2180 2288 2235 esse,
2327 2178 2412 2223 ac
2455 2176 2582 2223 non
2632 2159 2838 2243 potius

475 2262 679 2346 ipsum
706 2282 952 2328 carmen
981 2262 1226 2346 eiusque
1256 2261 1777 2346 compositionem,
1806 2282 1984 2346 quam
2017 2264 2454 2346 tragoediarum
2479 2282 2554 2327 ex
2584 2283 2656 2329 eo
2688 2264 2838 2330 duc-

414 2416 419 2423 .
475 2377 675 2431 tamm
727 2386 1046 2432 numerum
1089 2378 1413 2451 spectasse.
1510 2366 1860 2432 Potueritne
1899 2368 2024 2431 fleri
2040 2415 2056 2445 ,
2098 2377 2164 2432 ut
2211 2387 2316 2432 eae
2352 2377 2553 2453 partes
2605 2386 2838 2446 omnes,

479 2491 631 2556 quae
660 2472 1098 2556 tragoediarum
1138 2481 1485 2554 argumenta
1521 2472 1761 2554 tragicis
1799 2473 2230 2556 praebuerunt,
2266 2473 2422 2558 epici
2458 2483 2676 2557 poetae
2712 2475 2838 2539 sol-

474 2576 643 2641 lertia
693 2578 783 2641 sic
834 2584 1366 2661 componerentur,
1418 2584 1643 2640 utnon
1680 2577 2020 2641 efficeretur
2067 2578 2315 2642 actionis
2353 2578 2591 2653 unitati,
2637 2579 2839 2661 quaeri

476 2699 642 2745 nunc
668 2681 816 2746 nibil
844 2681 1071 2746 attinet.
1122 2681 1450 2744 Factumne
1478 2689 1654 2756 esset,
1683 2699 1760 2744 an
1782 2699 1928 2756 non,
1958 2681 2017 2745 id
2041 2681 2413 2746 Aristotelem
2444 2700 2570 2746 non
2599 2681 2839 2747 aliunde

476 2784 597 2849 nisi
626 2805 700 2849 ex
728 2785 919 2867 ipsius
943 2804 1156 2868 parvae
1175 2784 1372 2848 Iliadis
1397 2785 1875 2850 consideratione
1895 2785 2226 2850 decrevisse
2247 2804 2600 2868 persuasum
2623 2787 2835 2852 babeo.

475 2889 560 2954 Et.
579 2889 917 2954 Nitzschius
948 2906 1212 2971 quoque,
1251 2898 1319 2953 ut
1345 2897 1438 2951 est
1464 2888 1555 2953 vir
1581 2889 1848 2972 prudens
1877 2901 1937 2954 et
1977 2889 2470 2972 circumspectus,
2509 2890 2642 2973 ipse
2680 2909 2836 2973 quo·

477 2994 802 3058 dammodo
828 2992 1183 3057 sententiam
1210 3010 1381 3056 suam
1403 2992 1757 3056 retractavit.
1823 2992 2124 3070 „Verum
2155 2993 2386 3057 enim“
2416 2993 2496 3058 ait
2528 3011 2707 3071 „nos
2737 2995 2836 3060 ita

473 3095 881 3162 iudicamus
923 3115 1139 3162 causa
1179 3096 1378 3179 quasi
1420 3095 1827 3179 incognita:
1870 3097 2109 3181 ipsum
2148 3099 2335 3163 enim
2378 3116 2665 3162 carmen
2694 3117 2836 3181 quo

473 3202 687 3267 modo
741 3200 1028 3284 singula
1072 3208 1474 3283 temperata
1521 3200 1880 3279 habuerit,
1928 3220 2074 3267 non
2121 3202 2290 3267 licet
2336 3202 2836 3278 considerare,

477 3306 1076 3372 consideraverat
1136 3312 1376 3369 autem
1425 3304 1931 3372 Aristoteles.“
2038 3307 2314 3372 Attamen
2366 3306 2565 3371 statim
2626 3325 2838 3372 rursus

477 3411 745 3475 diffidere
774 3409 1083 3475 Aristoteli
1107 3410 1357 3473 mavult:
1387 3409 1572 3487 „Par
1600 3417 1837 3474 esset“
1869 3411 2060 3494 inquit
2099 3430 2448 3488 „sensum
2488 3410 2838 3494 quendam

201 3505 227 3568 ι’
398 3508 405 3570 ζ
475 3515 548 3579 in
576 3515 939 3581 iudicium
969 3532 1363 3611 assumere,
1404 3533 1612 3596 quem
1653 3534 1735 3578 ex
1774 3514 2088 3579 lectione
2125 3515 2245 3580 ille
2276 3514 2654 3590 traxisset,
2693 3514 2839 3578 nisi

242 3617 251 3624 ”
317 3624 334 3648 ’
394 3683 401 3688 ,
473 3621 635 3704 ipse
659 3621 808 3685 sibi
838 3618 1212 3684 adversari
1239 3618 1626 3683 videretur.
1713 3619 1871 3682 Alio
1901 3620 2086 3683 enim
2116 3619 2276 3683 loco
2308 3622 2384 3695 (c.
2423 3618 2528 3698 18)
2562 3618 2836 3701 epicam

474 3734 544 3789 et
573 3725 924 3807 tragicam
955 3723 1564 3806 compositionem
1605 3730 1942 3786 accurate
1982 3723 2406 3805 distinguit,
2446 3742 2680 3805 neque
2711 3742 2836 3786 so-

474 3831 624 3894 lum
664 3838 887 3894 totam
929 3827 1179 3892 iliadis
1219 3826 1541 3891 fabulam
1580 3844 1717 3890 una
1756 3827 2132 3907 tragoedia
2161 3827 2684 3910 comprehendi
2713 3845 2837 3889 ve-

474 3942 606 4011 tat,
643 3933 769 3997 sed
808 3930 1026 4020 etiam
1077 3931 1211 3996 lliu
1253 3930 1646 3995 Persidem.
1755 3930 1945 3994 Idem
1984 3950 2034 3994 c.
2076 3939 2252 4013 extr.
2294 3951 2346 3995 s.
2396 3931 2515 3996 fin.
2567 3949 2649 3994 ex
2697 3947 2839 3994 una

475 4057 757 4121 quaque
796 4036 1150 4120 epopoeia
1187 4036 1447 4119 plures'
1476 4035 1897 4117 tragoedias
1939 4035 2107 4099 fieri
2147 4035 2351 4111 dicit3
2401 4052 2608 4099 unam
2646 4034 2835 4099 enim

474 4142 533 4206 si
563 4142 751 4226 epici
782 4141 1097 4205 fabulam
1129 4140 1514 4223 effingam,
1547 4156 1827 4203 carmen
1858 4150 1977 4203 aut
2011 4139 2539 4223 longitudinem
2571 4137 2834 4202 iustam

473 4264 617 4309 non
656 4245 1069 4310 habiturum
1107 4265 1299 4321 esse,
1342 4255 1492 4321 aut,
1533 4264 1679 4308 eam
1710 4243 1774 4307 si
1801 4244 2103 4309 efficere
2131 4244 2382 4320 velint,
2425 4241 2834 4323 languidum

472 4367 880 4413 evasurum.
980 4348 1109 4412 Sin
1169 4349 1417 4431 plures
1478 4347 1999 4412 conseruerint
2058 4346 2361 4423 rabulas,
2422 4364 2567 4410 non
2617 4364 2835 4411 unam
