3102 4866
582 1452 1283 1608 EMENDATlONES
1331 1452 1989 1553 AGAMEMNONIS
2033 1456 2645 1556 AESCHYLEAE.

367 1777 399 1832 ³
609 1744 814 1839 Quum
842 1758 1227 1843 Aeschyleam
1257 1761 1770 1843 Agamemnonem
1805 1758 1928 1824 hoc
1963 1760 2239 1825 semestri
2270 1762 2646 1830 auditoribus
2672 1785 2792 1831 no-

431 1866 576 1931 stris
602 1864 1096 1950 praelegeremus,
1127 1882 1206 1929 ne
1235 1864 1475 1947 saepius
1503 1885 1574 1931 ac
1601 1866 1825 1932 diutius
1856 1883 2035 1949 quam
2057 1864 2341 1932 vellemus
2369 1867 2433 1933 in
2461 1871 2793 1936 emendan-

343 1976 348 1983 ‘
431 1970 526 2035 dis
554 1968 705 2034 locis
734 1968 1066 2051 corruptis,
1108 1966 1211 2051 qui
1249 1966 1490 2051 plurimi
1519 1968 1757 2034 suntin
1783 1968 1899 2033 hac
1926 1969 2139 2047 sabula,
2172 1972 2392 2036 morari
2422 1992 2793 2057 cogeremur,

429 2075 589 2139 hanc
614 2073 910 2138 rationem
941 2072 1092 2136 inire
1120 2071 1369 2156 placuit,
1405 2081 1475 2137 ut
1501 2073 1578 2138 de
1616 2071 1964 2137 huiusmodi
1991 2071 2140 2138 locis
2180 2073 2467 2140 iudicium
2508 2090 2791 2145 nostrum

285 2196 298 2205 ·
431 2180 588 2244 inter
613 2176 1078 2262 praelegendum
1105 2176 1315 2261 paucis
1344 2184 1581 2242 tantum
1609 2177 1804 2241 verbis
1833 2176 2332 2260 significaremus,
2363 2185 2792 2251 accuratiorem

430 2292 629 2349 autem
678 2281 1142 2367 disputationem
1193 2280 1502 2364 proximae
1553 2281 1864 2365 scriptioni
1913 2282 2283 2349 academicae
2325 2303 2789 2368 reservaremus,

432 2407 582 2473 qnae
619 2387 1007 2453 hibernarum
1047 2384 1386 2452 scholarum
1422 2384 1604 2452 indici
1640 2385 2075 2470 praemittenda
2114 2398 2293 2455 esset.
2389 2391 2493 2458 Sic
2528 2393 2692 2460 enim
2730 2403 2793 2461 et

335 2479 341 2484 ’
428 2501 674 2557 nostrae
704 2500 766 2557 et
790 2490 1132 2556 auditorum
1162 2489 1574 2576 commoditati
1612 2490 1826 2556 melius
1868 2492 2183 2557 consulere
2208 2493 2581 2576 videbamur,
2610 2518 2789 2584 quam

428 2598 482 2660 si
519 2596 864 2660 intermisso
905 2593 1229 2660 identidem
1267 2592 1777 2678 interpretationis
1818 2614 2002 2661 cursu
2029 2597 2106 2661 ad
2145 2597 2380 2664 aiticas
2410 2603 2787 2684 quaestiones

427 2701 893 2776 devertemmus,
933 2698 1292 2781 animosque
1329 2706 1492 2763 totos
1535 2698 1721 2763 modo
1761 2699 1827 2764 in
1861 2700 2413 2784 praestantissimae
2450 2707 2787 2788 tragoediae

426 2803 742 2870 virtutibus
782 2802 1011 2867 defixos
1048 2801 1248 2866 subito
1287 2801 1361 2866 ad
1401 2803 1704 2868 minutum
1740 2802 1861 2867 hoc
1887 2812 1950 2867 et
1985 2804 2304 2887 spinosum
2342 2790 2532 2889 genus
2571 2809 2786 2895 dispu-

422 2908 587 2973 tandi
616 2925 1029 2983 avocaremus,
1065 2924 1136 2970 ac
1173 2924 1286 2988 pro
1327 2907 1551 2971 summi
1587 2915 1798 2990 poetae
1823 2906 2093 2973 versibus
2131 2907 2508 2976 librariorum
2548 2932 2784 2978 errores

421 3010 817 3094 codicumque
855 3010 1066 3074 sordes
1108 3018 1517 3074 uactaremus.
1608 3009 1893 3086 Quamvis
1942 3005 2117 3075 enim'
2152 3013 2371 3079 multas
2412 3018 2782 3101 corruptelas

421 3116 802 3199 superiorum
833 3114 1176 3180 criticorum
1206 3112 1465 3178 sollertia
1492 3115 1613 3178 iam
1641 3114 1977 3191 sustulerit,
2018 3115 2092 3180 ad
2124 3135 2383 3199 quorum
2419 3119 2781 3203 disputatio·

419 3238 529 3294 nes
556 3220 857 3285 remittere
884 3219 1185 3284 auditores
1213 3218 1402 3294 liceat,
1433 3226 1659 3282 restant
1686 3226 1886 3283 tamen
1913 3236 2040 3284 non
2059 3221 2395 3303 pauciores,
2423 3242 2573 3307 quae
2594 3242 2781 3307 quum

422 3325 692 3390 nondum
729 3342 764 3387 a
804 3340 1106 3406 quoquam
1145 3321 1520 3399 emendatae,
1569 3321 1906 3406 partimque
1940 3340 2018 3387 ne
2058 3324 2500 3392 animadversae
2542 3328 2779 3412 quidem

421 3429 563 3503 sint,
594 3436 696 3492 aut
721 3426 974 3491 intactae
1001 3434 1060 3489 et
1087 3433 1370 3508 tanquam
1401 3425 1741 3507 desperatae
1767 3425 2042 3511 relinqui,
2072 3437 2174 3493 aut
2202 3429 2370 3493 aliter
2396 3450 2579 3514 quam
2608 3451 2643 3496 a
2672 3451 2780 3498 su-

420 3532 757 3616 perioribus
787 3521 1009 3595 lacuum
1038 3538 1131 3594 est
1170 3529 1386 3594 tentari
1414 3527 1682 3594 debeant.
1741 3529 1972 3595 Harum
2002 3548 2183 3597 unam
2212 3543 2391 3617 atque
2420 3535 2664 3601 alteram
2694 3537 2782 3602 sic

419 3654 533 3718 ego
562 3635 711 3699 mihi
729 3634 1092 3699 ‘emendasse
1111 3632 1336 3710 videor,
1363 3641 1433 3697 ut
1459 3633 1535 3697 de
1557 3634 1989 3699 emendationis
2011 3636 2253 3702 veritate
2281 3637 2536 3703 dubitari
2563 3659 2598 3704 a
2618 3640 2778 3723 poei-

420 3739 495 3804 tis
528 3746 686 3803 certe
725 3756 851 3802 non
879 3757 1066 3822 posse
1097 3736 1427 3816 confidam3
1455 3736 1521 3801 in
1550 3736 1710 3816 aliis,
1740 3740 1794 3804 si
1821 3739 2025 3804 minus
2053 3740 2583 3823 ipsamsoeitatem
2612 3763 2777 3809 asse-

423 3851 646 3928 quutus
675 3860 839 3919 esse,
881 3842 1132 3926 propius
1172 3849 1373 3906 tamen
1413 3842 1673 3906 fortasse
1710 3862 1889 3925 quam
1919 3844 2259 3927 superiores
2289 3846 2365 3911 ad
2402 3867 2534 3912 eam
2573 3866 2777 3913 acces-

417 3951 575 4015 sisse
624 3946 949 4013 iudicabor.
1035 3946 1337 4024 Quoniam
1380 3955 1577 4010 autem
1621 3964 1748 4010 non
1798 3946 1991 4012 doctis
2036 3947 2235 4013 solum
2279 3958 2341 4014 et
2381 3951 2620 4033 peritis,
2670 3951 2776 4015 sed

419 4053 715 4120 tironibus
755 4070 996 4136 quoque
1031 4068 1343 4134 nunquam
1381 4049 1682 4114 antehac
1665 4067 1730 4114 m
1761 4049 2029 4133 Aeschyli
2065 4051 2320 4118 lectione
2356 4053 2602 4118 versatis
2631 4053 2779 4119 haec

420 4157 744 4241 disputatio
775 4154 1097 4222 scribenda
1137 4155 1278 4229 fuit,
1317 4151 1649 4218 accuratius
1688 4171 2120 4239 nonnunquam
2162 4165 2223 4221 et
2264 4156 2568 4240 copiosius
2596 4157 2775 4223 etiam

417 4262 623 4346 talium
652 4260 1142 4325 emendationum
1170 4259 1432 4324 rationes
1462 4258 1850 4342 exponendae
1878 4278 2012 4324 esse
2038 4260 2405 4339 videbantur,
2436 4280 2586 4344 quae
2614 4262 2775 4346 apud

418 4340 718 4429 doctiores
768 4364 931 4430 nulla
972 4364 1482 4429 demonstratione
1531 4372 1792 4445 egerent.
1891 4363 2148 4430 Tirones
2191 4383 2333 4429 vero
2385 4373 2523 4430 ante
2572 4366 2774 4432 omnia
