3102 4866
1336 321 1464 388 453

232 521 409 597 atque
445 512 680 597 opimas
718 512 1053 597 provincias
1090 521 1192 578 aut
1237 512 1490 596 praemii
1537 519 1643 577 aut
1677 509 1931 595 praedae
1973 509 2110 577 loco
2136 513 2446 597 peregrini
2482 521 2589 580 aut
2626 522 2661 579 6
2742 474 2769 599 ‚⁸
2816 543 2821 547 ·

230 618 440 682 hostes
471 606 573 682 aut
602 616 750 682 socii
779 617 1097 682 auferrent.
1157 617 1245 682 lta
1271 626 1513 682 nostrae
1540 635 1779 701 quoque
1809 615 2194 683 Pomeraniae
2223 618 2364 684 illud
2394 619 2587 684 fatum

228 721 603 786 subeundum
649 720 782 799 fuit,
825 730 896 785 ut
936 720 1149 786 melior
1190 720 1318 785 eius
1356 740 1530 805 pars,
1567 719 1845 803 legitimis
1872 721 2189 787 heredibus
2216 732 2447 808 erepta,
2484 739 2589 789 αὑ

227 836 496 893 terorum
525 825 921 891 dominationi
948 824 1357 892 subiiceretur.
1385 860 1478 874 -

398 930 606 997 orbati
642 930 823 1013 igitur
858 929 986 995 suis
1024 929 1394 1016 principibus
1434 897 1695 996 maiores
1738 929 1962 1009 nostri,
2000 930 2350 1018 alienatique
2385 933 2588 1011 abiis,

154 1021 160 1026 ’
228 1037 591 1121 quibuscum
623 1044 687 1100 et
723 1043 935 1100 natura
974 1044 1034 1100 et
1068 1035 1199 1100 iure
1236 1033 1445 1099 sociati
1483 1053 1622 1099 esse
1657 1033 2018 1112 debuerant,
2060 1046 2121 1101 et
2147 1056 2185 1101 a
2216 1045 2409 1103 semet
2434 1038 2588 1122 ipsis

228 1140 674 1225 quodammodo
706 1139 917 1205 divulsi
947 1158 1018 1205 ac
1045 1138 1345 1223 discerpti,
1374 1157 1556 1202 unam
1599 1138 1796 1203 adbuc
1838 1139 2180 1223 principalis
2211 1160 2355 1207 suae
2384 1135 2595 1227 stirpis

229 1245 601 1331 progeniem,
631 1263 758 1309 non
786 1242 1025 1328 quidem
1054 1244 1116 1308 in
1146 1242 1340 1326 patrio
1382 1241 1538 1306 solio
1580 1242 1953 1321 collocatam,
1993 1244 2099 1308 sed
2138 1245 2459 1311 nobilitatis
2495 1256 2590 1312 ta·

232 1369 371 1415 men
399 1351 584 1415 avitae
609 1357 787 1432 atque
812 1348 1097 1412 virtutum
1126 1347 1408 1411 heredem
1435 1336 1711 1412 ridenmt
1735 1346 2142 1431 superstitem,
2171 1349 2437 1430 Annam,
2462 1347 2588 1416 Bo·

228 1457 396 1540 gislai
424 1472 741 1520 sororem.-
777 1452 948 1517 Hanc
982 1451 1163 1534 igitur
1199 1458 1346 1516 tunc
1379 1450 1661 1515 universa
1709 1450 2069 1516 Pomerania
2106 1452 2196 1517 sic
2234 1454 2590 1533 intuebatur,

226 1570 505 1644 tanquam
533 1559 727 1623 vivam
755 1575 968 1622 eorum
998 1575 1152 1640 quos
1179 1556 1458 1620 amiserat
1485 1555 1835 1639 imaginem,
1864 1564 2149 1641 tantoque
2177 1558 2405 1624 maiore
2436 1559 2588 1625 cari-

231 1673 349 1729 tate
375 1661 854 1748 amplectebatur,
878 1661 1041 1745 quod
1072 1658 1271 1724 omnis
1299 1657 1397 1724 sui
1424 1658 1621 1723 luctus
1653 1668 1713 1723 et
1724 1660 2022 1726 moeroris
2037 1662 2192 1727 hanc
2218 1662 2334 1727 sibi
2362 1663 2589 1729 sociam
2683 1671 2693 1680 ’

227 1787 361 1833 esse
390 1766 650 1832 videbat:
681 1776 993 1851 postremo
1023 1765 1290 1849 egregiae
1327 1772 1637 1829 matronae
1676 1763 1910 1829 obitum
1947 1783 2074 1831 non
2112 1767 2314 1832 minus
2345 1768 2469 1832 fere
2494 1768 2591 1834 lu·

225 1871 428 1955 gebat,
460 1890 638 1956 quam
670 1870 812 1935 olim
850 1869 916 1934 in
944 1868 1239 1953 postremi
1275 1867 1536 1952 Bogislai
1577 1867 1746 1933 obitu
1782 1868 2027 1935 luxerat.
2085 1869 2290 1954 ltaque
2328 1872 2591 1938 maiores

225 1976 442 2054 nostri,
472 1994 659 2059 quum
689 1974 752 2039 in
781 1975 987 2039 Annae
1016 1973 1224 2038 funere
1253 1973 1525 2038 omnium
1554 1972 1790 2041 illorum
1807 2021 1825 2050 ,
1866 1993 2125 2058 quorum
2154 1994 2321 2041 nunc
2346 1977 2591 2042 demum

229 2079 480 2164 stirpem
509 2079 746 2163 penitus
775 2077 1097 2143 extinctam
1125 2075 1419 2153 videbant,
1449 2085 1510 2141 et
1537 2075 1872 2141 recordatio
1905 2086 1964 2143 et
1979 2079 2341 2145 desiderium
2367 2081 2434 2145 in
2460 2080 2592 2145 ani-

226 2184 345 2249 mis
384 2203 596 2249 eorum
635 2182 1022 2265 redintegrata
1052 2188 1284 2257 essent,
1313 2180 1472 2244 diem
1504 2199 1626 2264 quo
1658 2179 1993 2281 decesserat
2017 2183 2188 2248 statis
2218 2183 2592 2268 temporibus

230 2296 295 2352 et
319 2308 354 2353 a
385 2307 451 2353 se
477 2296 535 2353 et
566 2307 600 2352 a
629 2287 888 2371 posteris
917 2284 1043 2349 suis
1075 2286 1154 2349 ita
1183 2292 1517 2350 statuerunt
1547 2284 1999 2363 celebrandum,
2024 2296 2243 2354 utnon
2272 2288 2452 2354 buius
2482 2303 2590 2354 so·

228 2394 357 2459 lum
395 2393 685 2458 memoria
722 2391 1113 2468 recoleretur,
1154 2389 1260 2455 sed
1308 2387 1622 2456 universae
1658 2389 2001 2475 principum
2048 2393 2258 2459 domui
2298 2392 2591 2461 extinctae

229 2499 429 2565 debita
455 2498 692 2583 pietatis
722 2506 780 2562 et
810 2496 1065 2562 caritatis
1097 2495 1290 2561 officia
1317 2503 1782 2578 praestarentur.

401 2604 534 2669 Hoc
570 2602 750 2686 igitur
787 2601 964 2667 nobis
1002 2600 1184 2666 bodie
1222 2601 1518 2684 agendum
1540 2610 1665 2678 est,
1694 2601 2026 2668 auditores:
2057 2602 2527 2687 persolvendum
2555 2623 2592 2668 a

227 2707 405 2774 nobis
444 2726 684 2791 quoque
713 2706 875 2790 quod
918 2704 1207 2770 debemus
1236 2714 1514 2770 sanctum
1555 2705 1791 2789 pietatis
1832 2707 2124 2773 officium:
2155 2708 2590 2791 parentandum

227 2812 569 2898 principum
620 2810 927 2894 quondam
968 2816 1322 2873 nostrorum
1370 2808 1557 2873 beatis
1607 2810 1903 2877 manibus.
1962 2812 2059 2877 Me
2107 2821 2302 2878 vestra
2317 2860 2334 2891 ‚
2386 2821 2590 2896 patres

231 2935 484 2995 consor„
527 2915 801 2981 voluntas
839 2914 905 2979 in
945 2913 1064 2978 hoc
1101 2921 1389 2996 suggestu
1433 2913 1743 2979 collocavit
1779 2915 2045 3000 mihique
2073 2915 2213 2981 illud
2242 2916 2595 3000 parentandi

230 3041 452 3087 munus
484 3021 802 3106 imposuit,
839 3019 1002 3102 quod
1041 3038 1150 3103 ego
1190 3038 1289 3084 me
1316 3038 1598 3085 recusare
1626 3039 1740 3085 nec
1776 3040 1965 3106 posse
2000 3018 2362 3085 nec'debere
2386 3021 2594 3087 existi-

229 3127 410 3202 mavi,
437 3145 564 3192 non
595 3145 716 3210 quo
748 3144 847 3190 me
874 3134 978 3190 aut
1003 3132 1238 3188 tantum
1271 3123 1524 3189 dicendo
1554 3123 1749 3190 valere
1781 3126 2078 3210 opinarer,
2108 3132 2179 3190 ut
2206 3124 2456 3212 dignum
2484 3126 2594 3191 ali·

231 3232 373 3315 quid
402 3230 618 3296 vestris
646 3230 889 3295 auribus
919 3233 1278 3314 proferrem,
1317 3239 1421 3294 aut
1456 3229 1532 3294 ab
1571 3230 1812 3314 ingenio
1852 3233 1932 3295 ita
1958 3228 2108 3294 mibi
2145 3229 2477 3296 instructus
2504 3229 2595 3296 vi-

233 3336 425 3410 derer,
457 3343 523 3399 ut
548 3334 724 3399 talem
755 3333 985 3399 dicendi
1014 3335 1324 3400 materiam
1354 3334 1446 3398 vel
1475 3334 1791 3416 cogitando
1823 3335 1969 3399 satis
1993 3334 2308 3418 complecti
2337 3336 2432 3400 vel
2458 3354 2595 3400 ver-

232 3439 327 3503 bis
378 3457 631 3522 aequare
678 3456 957 3522 possem3
1017 3457 1225 3503 verum
1272 3446 1342 3502 ut
1379 3436 1715 3521 eloquentia
1751 3439 2079 3524 plerisque,
2118 3438 2359 3521 ingenio
2399 3447 2597 3505 autem

237 3541 516 3607 omnibus
545 3541 792 3607 libenter
818 3561 917 3606 me
945 3542 1290 3608 interiorem
1321 3561 1458 3607 esse
1488 3543 1798 3626 profiteor,
1820 3544 2041 3628 pietate
2062 3551 2263 3608 tamen
2292 3551 2471 3627 atque
2498 3561 2598 3608 ca·

234 3647 405 3712 ritate
435 3666 662 3723 eorum,
685 3647 758 3710 de
787 3646 1001 3730 quibus
1029 3647 1211 3712 bodie
1241 3647 1556 3713 dicendum
1587 3656 1709 3725 est,
1735 3647 1965 3714 nemini
1996 3647 2174 3713 cedo:
2206 3646 2596 3731 quamobrem

238 3751 292 3815 si
321 3751 555 3834 pietatis
585 3752 973 3836 potissimum
1003 3761 1230 3818 vestrae
1260 3771 1358 3817 me
1395 3752 1785 3837 interpretem
1816 3772 1953 3818 esse
1980 3751 2281 3829 voluistis,
2312 3750 2457 3816 huic
2482 3768 2597 3833 ego

237 3855 473 3922 muneri
500 3849 867 3939 aliquatenus
897 3876 996 3921 me
1023 3856 1363 3922 satisfacere
1390 3875 1577 3941 posse
1607 3856 1867 3922 confido.
2226 3893 2233 3900 ·

359 3973 375 3983 ·
405 3960 533 4025 lam
562 3979 703 4025 vero
733 3970 967 4026 tantum
995 3962 1143 4027 mibi
1171 3970 1372 4047 patere
1400 3962 1573 4026 video
1604 3959 1838 4026 dicendi
1869 3958 2411 4042 eampum,tantaln
2440 3968 2598 4023 tam·

233 4084 353 4148 que
379 4064 673 4129 infinitam
706 4065 1098 4130 maximarum
1125 4084 1328 4131 rerum
1357 4066 1622 4150 copiam,
1652 4073 1720 4129 ut
1745 4082 1867 4147 quo
1905 4062 2293 4145 potissimum
2322 4081 2422 4127 me
2451 4080 2601 4127 oon·

235 4178 491 4245 vertam,
543 4168 683 4252 quid
723 4168 958 4253 eligam,
999 4169 1143 4253 quid
1182 4169 1678 4254 praetermittam,
1716 4168 1812 4233 vix
1849 4175 2012 4232 certo
2054 4175 2313 4232 statuere
2348 4167 2599 4251 possim.

235 4273 571 4339 Recolenda
601 4283 696 4338 est
732 4274 893 4338 enim
923 4274 1262 4358 principum
1301 4282 1653 4338 nostrorum
1692 4273 1989 4337 memoria
2006 4320 2023 4351 ,
2051 4272 2395 4337 celebranda
2424 4271 2604 4336 fortia

238 4379 407 4455 sacta,
437 4377 855 4444 collaudandae
887 4378 1131 4444 virtutes
1147 4426 1163 4454 ,
1204 4377 1737 4444 commemoranda
1776 4376 1840 4441 in
1857 4395 2007 4460 „rem
2026 4436 2035 4445 .
2051 4376 2348 4463 publicam
2397 4374 2601 4442 collata
