3102 4866
1344 331 1474 398 ma

234 521 430 597 licet,
467 539 798 605 paucerum
835 520 1112 585 eodiwm
1151 531 1213 587 et
1248 530 1521 589 veterum
1554 524 1889 590 editionum
1925 527 2339 591 auctoritatum
2367 528 2589 593 amni.
2645 591 2651 596 ,

180 620 191 630 ‘
235 626 359 690 Sed
389 625 514 691 sive
541 624 616 690 ad
647 625 973 714 opplevit
996 625 1124 690 sive
1156 626 1819 694 adexsectum'illam
1850 630 2122 695 voculam
2150 631 2588 714 patinae-uo·-

228 729 388 805 lunt‚
416 729 559 813 quid
587 748 657 793 ea
684 728 805 793 hoc
830 729 966 793 loeo
1005 728 1124 794 sibi
1159 729 1301 795 velit
1335 740 1398 796 et
1430 749 1549 814 qua
1575 726 2239 816 significatione'posiu
2269 735 2365 812 sit,
2387 753 2589 820 περ

231 832 348 917 ipsi
375 832 609 910 docent,
636 850 835 917 neque
856 851 973 917 ego
1003 833 1205 898 doceri
1233 853 1420 918 posse
1444 835 1722 901 arbitror.
1794 838 2205 915 Quamobrem
2241 841 2587 906 amandi·-

229 957 367 1003 rum
396 936 668 1002 codicum
699 936 1021 1002 auctoritas
1042 938 1507 1022 sequendaerit,
1530 940 1638 1023 qui
1664 940 1807 1006 illud
1836 942 2584 1023 scilicetomitmnssnut
2619 954 2655 1009 4

116 1102 120 1105 ⁴
231 1042 288 1106 si
316 1042 413 1107 cui
449 1041 511 1106 id
539 1059 664 1106 non
701 1039 1230 1105 tamendenihilo
1266 1061 1407 1106 esse
1454 1044 1751 1123 videntur,
1786 1048 2221 1113 removendum
2257 1043 2424 1114 c‘arte
2469 1050 2592 1117 hoe

230 1146 367 1212 loco
394 1144 894 1229 etreponendum
914 1144 988 1210 in
1016 1146 1279 1229 proximi
1306 1148 1562 1213 mmbri
1589 1147 1789 1213 initio:
1818 1149 2119 1216 Scilicet
2144 1151 2631 1235 physica-raw-

230 1250 334 1314 tio
358 1267 497 1314 non
526 1249 908 1331 inelegans
938 1249 1224 1315 inclusa
1252 1251 1464 1315 estin
1494 1250 1760 1335 impias
1786 1251 2126 1328 fabulas..
2177 1254 2362 1331 Quod
2387 1264 2590 1333 anian

118 1341 127 1348 ’
230 1355 295 1419 in
326 1355 561 1421 duobus
591 1353 928 1431 codicibus,
956 1343 1371 1437 Rehdigerano
1396 1362 1463 1418 et
1484 1353 1819 1419 oxoniensi
1853 1354 1947 1431 E„
1974 1363 2120 1439 post
2141 1358 2592 1440 opplevit-le-

230 1460 389 1541 gitur
421 1459 575 1536 sed,
625 1459 746 1524 hoc
783 1478 858 1523 ex
883 1457 1249 1542 compendio
1286 1458 1444 1523 illius
1473 1457 1765 1523 scilicet
1800 1466 2002 1523 ortum
2043 1478 2187 1524 esse
2213 1449 2592 1540 facile-intui·-³

230 1563 443 1646 ligitur.
528 1562 596 1626 ld
636 1580 822 1645 quum
846 1562 1170 1627 maluisset
1196 1555 1342 1627 cum
1364 1561 1567 1639 verbo,
1596 1570 1804 1627 natum
1828 1562 1972 1627 hinc
1990 1571 2084 1626 est
2114 1564 2598 1648 opplevisut,

235 1666 399 1750 quod
423 1665 659 1732 habent
694 1673 979 1750 quattuor
1020 1663 1243 1730 moseri
1294 1665 1565 1742 codices,
1599 1683 1789 1749 eaque
1827 1666 2594 1750 mmmm.meae
2739 1702 2747 1708 ·

231 1788 440 1835 ansam
492 1770 654 1835 dedit
689 1769 751 1834 in
791 1769 997 1835 codiee
1030 1768 1420 1853 Lugdunensi
1468 1768 1528 1834 3.
1567 1776 1866 1836 umiae:
1911 1788 2076 1834 nam
2127 1775 2360 1856 quim
2385 1784 2590 1841 vetus

229 1873 406 1939 haec
452 1873 706 1958 opinio
756 1874 1134 1938 Graeciam
1186 1873 1642 1956 opplevisset
1675 1908 1763 1923 —
1801 1873 2107 1957 physica
2155 1876 2593 1943 ratio—in-

232 1977 432 2042 clusa
468 1986 583 2041 est
612 1977 683 2041 in
710 1976 975 2061 impias
1015 1962 1329 2055 fabulas,
1372 1995 1554 2060 quam
1583 1976 1988 2042 coniecturam
2015 1978 2592 2047 Mosarna-sibinen

183 2088 197 2094 ’
229 2081 543 2164 displicere
580 2081 912 2164 profitetur.
984 2080 1078 2145 ‚Ei
1108 2098 1259 2144 sane
1292 2080 1528 2162 plaeere
1555 2089 1787 2163 potest,
1825 2082 1882 2145 si
1920 2081 2058 2164 quis
2087 2080 2284 2151 solam
2307 2087 2592 2151 consuu-

232 2184 489 2249 ctionem
520 2184 839 2249 verborum
872 2184 1201 2250 intueatur:
1236 2184 1337 2248 sin
1365 2183 1443 2248 de
1470 2184 1768 2249 sententia
1797 2185 2136 2267 quaeritur,
2165 2191 2588 2270 prorsusaeean'

138 2305 145 2317 ·
231 2287 631 2373 respuendam
654 2308 797 2353 esse
822 2297 1087 2372 apparet.
1175 2288 1404 2372 Nempe
1424 2287 1648 2352 dicitur
1671 2287 1789 2365 sic,
1826 2297 2219 2373 posteaquam
2249 2291 2466 2373 npinio
2488 2291 2591 2356 illa

233 2393 310 2457 de
338 2391 510 2458 Caelo
534 2400 599 2456 et
626 2392 887 2457 Saturno
911 2390 1216 2458 Graeciam
1249 2391 1593 2476 oppleverit,
1619 2391 1926 2476 physicam
1956 2394 2254 2478 quandam
2295 2396 2590 2462 rationem

233 2496 331 2560 his
356 2495 573 2562 fabulis
600 2496 891 2562 inclusam
921 2508 1097 2562 esse:
1160 2495 1359 2560 Stoici
1392 2504 1635 2572 contin,
1669 2514 1932 2578 quorum
1973 2498 2094 2562 hoc
2122 2498 2260 2563 loeo
2295 2501 2592 2566 aem

233 2600 579 2683 exponitur,
619 2618 744 2664 non
783 2617 927 2665 saue
954 2601 1072 2664 hoc
1099 2599 1430 2677 voluerunt,
1457 2600 1627 2682 prius
1659 2600 1883 2666 rabulas
1914 2604 2219 2680 confictas,
2249 2603 2465 2670 deinde
2487 2623 2591 2670 ra-

233 2704 459 2768 tionem
489 2703 564 2768 iis
593 2698 889 2769 inclusam
918 2723 1072 2783 esse,
1099 2705 1208 2770 sed
1235 2705 1501 2789 priorem
1532 2703 1729 2769 ruisse
1745 2706 2052 2790 physicam
2074 2705 2386 2785 rationem,
2409 2727 2593 2795 quam

235 2808 339 2891 qui
369 2808 840 2904 excogitassent,
868 2826 1058 2892 quum
1095 2808 1341 2893 proprie
1378 2807 1578 2891 eloqui
1618 2817 1722 2873 aut
1756 2809 1985 2874 nollent
2026 2817 2129 2873 aut
2149 2828 2283 2875 non
2313 2820 2593 2972 possent,

98 3006 105 3012 ι
237 2913 482 2994 figurate
509 2919 569 2976 et
596 2898 922 2979 fabularum
951 2913 1123 2996 quasi
1150 2911 1469 2977 involucris
1498 2911 1770 2977 indutam
1798 2913 2187 2997 significasse.

411 3014 551 3100 Cap.
580 3014 723 3093 Lm,
758 3016 901 3082 133.
976 3018 1104 3083 Sin
1156 3025 1453 3101 quaerat
1501 3016 1899 3100 quispiam,
1950 3019 2329 3085 cuiusnam
2381 3010 2632 3086 causa-

238 3127 601 3185 tantarum
629 3139 870 3186 rerum
902 3120 1185 3186 molitio
1215 3122 1407 3186 l'acta
1437 3120 1564 3185 sit:
1595 3121 2029 3199 arborumne
2055 3131 2127 3188 et
2152 3120 2597 3209 herbarum?

238 3241 866 3310 quaequamquam
897 3226 1060 3291 sine
1089 3244 1315 3291 sensu
1344 3235 1541 3302 sunt,
1579 3233 1819 3291 tamen
1856 3245 1893 3291 a
1921 3234 2176 3293 natura
2211 3227 2595 3314 sustinen-

237 3336 370 3392 tur.
456 3329 543 3393 At
590 3329 660 3394 id
707 3330 999 3412 quidem
1052 3329 1446 3395 absurdum
1495 3339 1613 3394 est
1657 3338 1794 3396 etc.
1880 3330 2017 3394 Non
2047 3330 2357 3397 immerito
2389 3332 2467 3397 in
2485 3332 2601 3399 hae

238 3431 510 3517 codicum
552 3432 728 3516 longe
769 3433 1167 3517 plurimorum
1204 3432 1461 3498 lectione
1487 3433 1788 3498 doctiores
1809 3432 2171 3517 intepretes
2191 3435 2597 3501 ofl'enderunt.

238 3514 507 3601 Primum
539 3536 699 3600 enim
728 3537 1047 3601 manifesta
1077 3544 1172 3601 est
1201 3536 1489 3602 orationis
1519 3536 2029 3621 inconsequentia,
2059 3558 2242 3622 quum
2273 3550 2426 3635 post
2443 3556 2595 3606 eon-

240 3638 586 3704 ditionalem
618 3642 912 3725 protasin,
940 3642 1056 3707 sin
1087 3648 1387 3727 quaerat
1424 3641 1819 3726 quispiam,
1861 3643 2019 3708 nulla
2050 3653 2336 3727 sequatur
2363 3632 2599 3728 apode-

240 3744 346 3807 sis.
434 3743 805 3829 Quamquam
836 3746 993 3812 hanc
1016 3745 1256 3830 quidem
1287 3745 1683 3810 offensionem
1708 3746 1925 3830 aliquis
1963 3748 2165 3813 miuus
2192 3767 2430 3832 gravem
2462 3768 2601 3815 esse

240 3846 485 3913 dixerit.
512 3866 653 3912 nam
682 3850 1071 3917 excusabilem
1102 3870 1244 3916 esse
1270 3850 1588 3933 scriptoris
1616 3850 2064 3934 negligentiam,
2087 3851 2192 3935 qui
2216 3851 2297 3917 ab
2325 3852 2599 3919 inchoata

242 3960 540 4016 structura
566 3952 893 4033 deflexerit,
924 3956 1092 4020 cuius
1122 3954 1358 4038 generis
1387 3954 1702 4037 exempla·
1685 3974 1745 4018 ιιι
1777 3954 2217 4039 philosophicis
2241 3957 2598 4040 praesertim

240 4055 409 4120 libris
447 4054 751 4121 Ciceronis
790 4059 1096 4142 complura
1133 4057 1384 4124 inveniri
1436 4058 1739 4123 fatendum
1791 4066 1901 4123 est.
1978 4059 2095 4123 Sed
2135 4060 2314 4125 altera
2345 4060 2599 4125 offensio

241 4168 336 4224 est
371 4159 435 4223 in
474 4158 608 4244 ipsa
645 4161 759 4225 hac
792 4162 1211 4228 coniunctione
1250 4163 1402 4241 Sin,
1449 4162 1540 4227 sic
1586 4162 1762 4246 plane
1792 4163 1866 4227 ad
1897 4152 2095 4254 *instar
2136 4163 2264 4228 eius
2305 4164 2469 4248 quod
2508 4173 2604 4229 est

243 4264 534 4347 quodsi,
573 4264 699 4337 sed
741 4266 803 4329 si
834 4268 1239 4349 -usurpataad
1271 4266 1739 4333 connectendam
1771 4260 2353 4351 continuandamque
2375 4268 2601 4333 oratio-

196 4351 401 4433 'nem.
476 4368 625 4433 Nam
679 4368 949 4454 quamvis
998 4388 1180 4454 saepe
1227 4370 1338 4435 sin
1383 4378 1647 4455 ponatur
1693 4387 1821 4436 uou
1850 4370 2241 4455 praecedente
2290 4371 2477 4436 altero
2507 4370 2602 4447 si,

2058 4474 2190 4540 24*
