3102 4866
1402 287 1526 352 165

280 488 484 556 netur.
516 472 956 568 δορυφόρημα
985 480 1263 545 dicuntur
1293 467 1358 542 οἱ
1392 471 1943 565 δορυφοροῦντες,
1984 476 2128 558 quin
2172 466 2441 561 λάλημα
2482 472 2639 556 apud

283 586 474 668 Soph.
505 584 643 650 Ant.
673 603 727 648 v.
760 584 885 650 320
925 593 1020 648 est
1049 576 1087 649 ὁ
1125 578 1359 648 λαλῶν.
1451 579 1745 645 pluralem
1784 588 1979 644 autem
2021 578 2370 644 huiusmodi
2407 576 2641 643 abstra-

280 697 519 753 ctorum
548 706 980 771 saepenumero
1009 688 1187 753 etiam
1216 688 1291 752 de
1316 703 1442 759 uno
1472 684 1590 749 dici
1616 684 1908 761 videmus,
1936 682 2096 748 velut
2112 675 2440 760 Πιτθέως
2466 701 2642 747 παις

283 787 587 875 δεύματα
614 792 689 857 de
703 792 1023 875 Hippolyto
1046 791 1206 874 apud
1226 788 1433 872 Eurip.
1450 788 1632 873 Hipp.
1661 807 1716 852 v.
1752 789 1851 851 11.
1880 781 2399 874 συγκοιμήματα
2416 789 2493 852 de
2519 806 2641 852 una

279 915 470 962 uxore
518 895 676 979 apud
723 895 979 960 eundem
1020 896 1309 977 Androm.
1349 912 1403 957 v.
1463 891 1659 969 1274,
1708 884 2085 978 τεχνήματα
2135 891 2212 956 de
2248 910 2372 957 uno
2420 891 2641 976 poculo

281 1000 473 1084 Sopb.
502 999 654 1065 Phil.
683 1018 737 1063 v.
767 996 872 1074 36,
900 999 1129 1082 aliaque
1156 998 1314 1081 apud
1344 983 1686 1063 Wakefield.
1721 996 1859 1061 Silv.
1890 994 2022 1060 crit.
2050 994 2127 1059 lv
2157 1014 2217 1078 p.
2248 994 2353 1078 48,
2379 996 2638 1061 Pon-son.

279 1104 535 1188 append.
568 1103 641 1167 ad
670 1102 864 1185 Toup.
895 1121 955 1186 p.
988 1104 1115 1168 402
1147 1110 1208 1166 et
1236 1102 1311 1166 ad
1339 1101 1481 1166 Eur.
1514 1100 1617 1166 Or.
1648 1120 1702 1164 v,
1742 1099 1934 1175 1051,
1978 1100 2080 1184 qui
2118 1117 2269 1164 usus
2299 1118 2485 1183 quum
2512 1118 2642 1164 non

279 1226 398 1272 una
427 1207 619 1272 ubivis
641 1206 875 1270 ratione
896 1206 1278 1289 explicandus
1305 1206 1403 1280 sit,
1433 1204 1555 1269 boc
1574 1203 1815 1290 quidem
1836 1204 1972 1269 loco
1997 1197 2642 1292 ρΙιιηΙίῐρι-φέρμπα

278 1328 398 1375 una
433 1311 607 1393 lepus
645 1303 978 1393 propterea’
1007 1309 1123 1373 dici
1163 1311 1439 1393 potuisse
1467 1310 1730 1387 videtur,
1772 1309 1908 1392 quia
1944 1308 2149 1392 plures
2184 1309 2250 1373 in
2277 1316 2451 1373 utero
2482 1308 2639 1372 fetus

278 1413 563 1496 gestabat,
617 1414 869 1497 ideoque
912 1432 1035 1477 non
1067 1413 1417 1497 simpliciter
1444 1412 1550 1477 sed
1581 1412 1989 1497 multipliciter
2010 1406 2238 1501 φέρμα
2264 1419 2407 1477 erat.
2477 1411 2642 1477 δαί-

274 1518 538 1581 bendum
570 1518 779 1601 igitur:
818 1509 1091 1602 λαγίνας
1119 1511 1480 1603 ἐρικύμονα
1495 1511 1827 1605 φέρματα
1856 1510 2114 1603 γένναςε
2154 1515 2377 1600 idque
2360 1534 2476 1579 iam
2506 1514 2642 1579 Pri·

276 1620 480 1685 enium
511 1620 771 1686 voluisse
799 1621 970 1686 video
988 1624 1728 1702 1’)..

449 1724 654 1789 Cantat
683 1724 898 1790 deinde
928 1726 1186 1801 chorus,
1227 1736 1298 1791 ut
1324 1735 1619 1809 angantur
1659 1725 1921 1810 improbi
1950 1669 2243 1790 scelerum
2275 1721 2633 1790 conscientia
2670 1730 2738 1784 23

274 1838 459 1912 utque
487 1828 740 1894 deorum
769 1829 1156 1913 castigatione
1181 1831 1357 1895 etiam
1388 1839 1788 1913 repugnantes
1827 1830 1902 1894 ad
1934 1848 2142 1894 sanam
2171 1837 2435 1894 mentem
2461 1846 2641 1892 revo·
2682 1882 2691 1890 .

275 1939 499 2013 centur,
525 1953 581 1997 v.
618 1932 742 1999 166
763 1953 934 2017 sqq.:

681 2029 919 2117 στάζει
962 2028 1028 2101 δ’
1074 2027 1144 2101 ἔν
1184 2028 1260 2103 θ’
1281 1992 1474 2124 ὕπνῳ
1519 2033 1660 2125 πρὸ
1698 2030 1987 2124 καρδίας
2374 2081 2379 2087 .
2508 2086 2515 2095 .

475 2134 928 2230 μνησιπήμων
956 2135 1197 2236 πόνος,
1227 2134 1347 2206 καὶ
1377 2161 1519 2230 παρ
1567 2132 1854 2219 ι’ίκοντας
1879 2128 2056 2229 ἦλθε
2079 2140 2467 2232 σωφρονειν.

273 2243 492 2310 Mirum
520 2252 616 2309 est
644 2246 917 2309 codicum
949 2247 1305 2329 scripturam
1336 2237 1407 2310 ἐν
1434 2235 1509 2310 θ’
1536 2236 1732 2331 ν’πνῳ
1764 2245 1990 2310 tamdiu
2024 2245 2101 2311 ab
2130 2246 2461 2313 editoribus
2487 2248 2643 2313 tole·

272 2348 390 2413 rari
440 2349 740 2433 potuisse,
789 2349 923 2413 licet
968 2350 1181 2433 copula
1233 2344 1309 2414 τὲ
1356 2350 1576 2413 nullam
1617 2361 1819 2468 aptam
1857 2347 2308 2435 explicationem
2339 2351 2642 2417 admittat.

125 2511 143 2528 ,
274 2473 415 2519 nam
452 2455 613 2538 quod
655 2454 788 2537 quis
831 2455 1087 2519 fortasse
1126 2454 1310 2532 dicat,
1349 2453 1721 2537 respondere
1748 2454 1801 2518 ei
1828 2456 2171 2539 proximum
2200 2448 2347 2533 καί,
2376 2457 2644 2541 ineptum

277 2567 388 2623 est.
446 2558 805 2641 Recipienda
834 2558 1015 2640 igitur
1044 2567 1139 2622 est
1165 2558 1429 2642 Emperii
1460 2558 1793 2623 emendatio
1818 2551 1976 2625 ἀνθ’
2004 2551 2245 2637 ῧπνου,
2264 2579 2380 2643 qua
2408 2569 2648 2646 recepta

276 2656 453 2727 etiam
481 2662 600 2726 hoc
627 2661 993 2742 intelligitur,
1024 2679 1140 2744 qua
1169 2662 1401 2726 ratione
1426 2662 1673 2727 verbum
1706 2657 1941 2742 στάζει
1959 2661 2036 2727 ab
2065 2664 2354 2748 Aeschylo
2382 2684 2644 2749 usurpa-

273 2778 403 2832 tum
447 2769 553 2844 sit,
583 2765 744 2849 quod
788 2765 1143 2830 Klausenius
1183 2765 1433 2829 mirifice
1469 2765 1897 2850 interpretatur
1943 2767 2017 2831 de
2052 2769 2342 2851 sanguine
2375 2768 2645 2846 incitato,

272 2889 468 2955 nuper
494 2879 691 2936 autem
723 2889 1030 2934 nonnemo
1062 2870 1416 2953 corrigendo
1445 2889 1752 2936 removere
1772 2880 2026 2936 conatus
2050 2881 2159 2936 est.
2220 2871 2452 2957 Nempe
2481 2868 2645 2939 στό-

277 2971 414 3055 ζειν
441 2975 737 3059 eleganter
766 2975 841 3038 de
870 2994 1090 3038 somno
1122 2974 1363 3052 dicitur,
1392 2994 1571 3058 quem
1604 2974 1805 3040 solent
1828 2984 2043 3059 poetae
2072 2996 2208 3041 cum
2231 2996 2372 3041 rore
2393 2996 2645 3084 compa·

275 3098 412 3143 rare
441 3078 616 3143 fessis
641 3079 997 3162 corporibus
1027 3078 1310 3143 instillato
1340 3099 1526 3164 eaque
1555 3088 1877 3144 recreante.
1928 3069 2163 3166 Ὑγρός
2206 3073 2332 3167 γάρ
2375 3074 2562 3146 ἐστιν
2604 3102 2644 3147 ο

273 3175 511 3261 ὕπνος,
543 3182 736 3264 inquit
765 3181 971 3245 Orus
953 3202 1017 3245 m
1049 3182 1300 3265 Etymol.
1331 3184 1407 3247 Μ.
1438 3204 1498 3268 p.
1532 3183 1645 3258 80,
1675 3182 1787 3260 33,
1814 3203 2007 3267 eoque
2047 3185 2228 3248 refert
2255 3183 2642 3249 Homericum

273 3286 416 3350 illud
454 3278 749 3373 νήδυμος
792 3276 1236 3374 ἀμφιχυθείς,
1270 3288 1440 3351 cuius
1472 3287 1691 3352 similia
1730 3279 1854 3351 ἐπὶ
1897 3283 2134 3372 γλῡκύν
2175 3281 2388 3377 ᾅπνον
2428 3277 2648 3369 ἔχευεν

270 3398 380 3456 aut
419 3383 581 3476 περὶ
624 3379 686 3453 δ’
732 3380 1110 3478 ἀμβρόσιος
1131 3381 1382 3471 ’κέχυθ’
1425 3384 1639 3469 ὕπνος
1680 3390 1943 3475 Heynius
1994 3391 2069 3456 ad
2116 3393 2287 3476 Verg.
2340 3393 2487 3458 Aen.
2539 3392 2640 3470 m,

273 3494 433 3570 510,
486 3493 853 3577 comparavit
881 3513 1019 3558 cum
1049 3493 1214 3559 latini
1258 3505 1472 3579 poetae
1514 3494 1801 3559 dictione:
1852 3497 2094 3560 fessos
2125 3515 2355 3581 sopor
2379 3496 2646 3582 irrigat

268 3606 497 3664 artus.
555 3597 635 3662 Et
662 3597 1072 3680 frequentatur
1103 3599 1362 3663 maxime
1391 3619 1425 3663 a
1452 3599 1655 3664 latinis
1684 3600 1880 3683 poetis
1911 3600 2060 3664 haec
2100 3600 2333 3684 imago,
2371 3610 2438 3665 ut
2465 3601 2639 3683 Vei-g.

273 3704 423 3767 Aen.
451 3702 501 3779 1,
532 3701 689 3766 692:
731 3699 969 3767 Venus
1024 3703 1340 3768 Ascanio
1392 3703 1753 3787 placidam
1805 3723 1934 3787 per
1973 3703 2286 3770 membra
2328 3706 2640 3788 quietem

415 4017 467 4084 9)
505 4017 581 4071 De
603 4016 842 4070 versibus
869 4015 968 4069 127
990 4024 1045 4069 et
1059 4017 1153 4070 137
1180 4018 1288 4071 dixi
1315 4016 1592 4087 Gottingae
1610 4020 1661 4073 in
1681 4021 1936 4073 conventu
1953 4020 2328 4091 philologum
2348 4018 2642 4088 m.1852‚

274 4118 426 4172 quae,
451 4105 683 4174 quoniam
708 4091 1123 4173 disputationes
1149 4105 1198 4157 in
1218 4105 1368 4159 Actis
1393 4107 1507 4159 eins
1530 4115 1816 4161 conventus
1841 4107 1979 4160 edita
2003 4114 2109 4174 est,
2144 4114 2384 4176 repetere
2407 4106 2641 4160 hocloco

277 4189 418 4244 nolo.
464 4188 683 4243 Tantum
705 4191 837 4254 dieo,
864 4190 914 4242 in
934 4190 1101 4243 alten-o
1124 4206 1287 4244 versu
1312 4194 1487 4263 οἴκτῳ
1510 4195 1633 4247 mibi
1656 4209 1752 4264 pro
1778 4195 1919 4263 οἴκῳ
1944 4194 2266 4246 scribendum
2288 4193 2482 4261 videri,
2504 4194 2641 4247 alte-

279 4292 394 4329 rum
415 4283 584 4330 autem
607 4277 776 4330 locum
801 4277 875 4330 sic
901 4275 1270 4343 reflugendum:
1293 4277 1512 4353 τερπνὰ
1525 4275 1756 4347 τούτων,
1783 4279 1942 4346 αἰτῶ,
1967 4274 2217 4353 ξύμβολα
2237 4274 2458 4355 noima,
2484 4277 2643 4343 δεξιὰ

275 4363 409 4435 μέν,
434 4358 791 4436 κατάμομφα
814 4362 881 4417 δὲ
905 4358 1515 4439 φάσματ’ᾍτρείδαιν.
