<?xml version="1.0" encoding="UTF-8"?>
<!DOCTYPE html PUBLIC "-//W3C//DTD XHTML 1.0 Transitional//EN"
    "http://www.w3.org/TR/xhtml1/DTD/xhtml1-transitional.dtd">
<html xmlns="http://www.w3.org/1999/xhtml" xml:lang="en" lang="en">
 <head>
  <title>
</title>
<meta http-equiv="Content-Type" content="text/html;charset=utf-8" />
  <meta name='ocr-system' content='tesseract 3.04.00' />
  <meta name='ocr-capabilities' content='ocr_page ocr_carea ocr_par ocr_line ocrx_word'/>
</head>
<body>
  <div class='ocr_page' id='page_1' title='image "./opusculaacademi04schgoog_0319.png"; bbox 0 0 3102 4866; ppageno 0'>
   <div class='ocr_carea' id='block_1_1' title="bbox 4 240 9 1027">
    <p class='ocr_par' dir='ltr' id='par_1_1' title="bbox 4 240 9 1027">
     <span class='ocr_line' id='line_1_1' title="bbox 4 240 9 1027; baseline 0 0"><span class='ocrx_word' id='word_1_1' title='bbox 4 240 9 1027; x_wconf 95' lang='lat' dir='ltr'><strong> </strong></span> 
     </span>
    </p>
   </div>
   <div class='ocr_carea' id='block_1_2' title="bbox 1337 332 1466 406">
    <p class='ocr_par' dir='ltr' id='par_1_2' title="bbox 1337 332 1466 406">
     <span class='ocr_line' id='line_1_2' title="bbox 1337 332 1466 406; baseline 0 0"><span class='ocrx_word' id='word_1_2' title='bbox 1337 332 1466 406; x_wconf 75' lang='grc'><strong>809</strong></span> 
     </span>
    </p>
   </div>
   <div class='ocr_carea' id='block_1_3' title="bbox 1198 423 1606 439">
    <p class='ocr_par' dir='ltr' id='par_1_3' title="bbox 1198 423 1606 439">
     <span class='ocr_line' id='line_1_3' title="bbox 1198 423 1606 439; baseline 0 4427"><span class='ocrx_word' id='word_1_3' title='bbox 1198 423 1606 439; x_wconf 95' lang='lat' dir='ltr'><strong> </strong></span> 
     </span>
    </p>
   </div>
   <div class='ocr_carea' id='block_1_4' title="bbox 212 527 2578 923">
    <p class='ocr_par' dir='ltr' id='par_1_4' title="bbox 212 527 2578 923">
     <span class='ocr_line' id='line_1_4' title="bbox 220 527 2577 614; baseline 0 -18"><span class='ocrx_word' id='word_1_4' title='bbox 220 529 499 606; x_wconf 82' lang='lat' dir='ltr'><strong>Oreliius,</strong></span> <span class='ocrx_word' id='word_1_5' title='bbox 527 528 827 607; x_wconf 71' lang='lat' dir='ltr'><strong>umus,</strong></span> <span class='ocrx_word' id='word_1_6' title='bbox 854 527 1155 608; x_wconf 84' lang='lat' dir='ltr'><strong>Nobbius,</strong></span> <span class='ocrx_word' id='word_1_7' title='bbox 1195 548 1455 613; x_wconf 86' lang='lat' dir='ltr'><strong>quorum</strong></span> <span class='ocrx_word' id='word_1_8' title='bbox 1483 528 1827 612; x_wconf 79' lang='lat' dir='ltr'><strong>patientiam</strong></span> <span class='ocrx_word' id='word_1_9' title='bbox 1857 528 2132 613; x_wconf 82' lang='lat' dir='ltr'><strong>equidem</strong></span> <span class='ocrx_word' id='word_1_10' title='bbox 2161 529 2364 596; x_wconf 82' lang='lat' dir='ltr'><strong>mirari</strong></span> <span class='ocrx_word' id='word_1_11' title='bbox 2394 550 2577 614; x_wconf 77' lang='lat' dir='ltr'><strong>quam</strong></span> 
     </span>
     <span class='ocr_line' id='line_1_5' title="bbox 217 633 2574 725; baseline -0.001 -21"><span class='ocrx_word' id='word_1_12' title='bbox 217 634 431 705; x_wconf 72' lang='lat' dir='ltr'><strong>imitari</strong></span> <span class='ocrx_word' id='word_1_13' title='bbox 457 633 661 699; x_wconf 73' lang='lat' dir='ltr'><strong>maiuli.</strong></span> <span class='ocrx_word' id='word_1_14' title='bbox 686 668 779 682; x_wconf 92' lang='lat'><strong>—</strong></span> <span class='ocrx_word' id='word_1_15' title='bbox 804 633 1026 699; x_wconf 82' lang='lat' dir='ltr'><strong>Contra</strong></span> <span class='ocrx_word' id='word_1_16' title='bbox 1053 633 1463 700; x_wconf 75' lang='lat' dir='ltr'><strong>coniunctivae</strong></span> <span class='ocrx_word' id='word_1_17' title='bbox 1493 633 1884 725; x_wconf 78' lang='lat' dir='ltr'><strong>corrigendus</strong></span> <span class='ocrx_word' id='word_1_18' title='bbox 1910 634 2133 700; x_wconf 83' lang='lat' dir='ltr'><strong>eratin</strong></span> <span class='ocrx_word' id='word_1_19' title='bbox 2158 634 2275 713; x_wconf 86' lang='lat' dir='ltr'><strong>his,</strong></span> <span class='ocrx_word' id='word_1_20' title='bbox 2308 635 2574 719; x_wconf 76' lang='lat' dir='ltr'><strong>quaele-</strong></span> 
     </span>
     <span class='ocr_line' id='line_1_6' title="bbox 214 734 2578 826; baseline -0 -20"><span class='ocrx_word' id='word_1_21' title='bbox 214 748 517 826; x_wconf 75' lang='lat' dir='ltr'><strong>gnntnrc.</strong></span> <span class='ocrx_word' id='word_1_22' title='bbox 547 737 655 815; x_wconf 78' lang='lat'><strong>27,</strong></span> <span class='ocrx_word' id='word_1_23' title='bbox 687 737 801 800; x_wconf 85' lang='lat'><strong>77:</strong></span> <span class='ocrx_word' id='word_1_24' title='bbox 851 738 1172 802; x_wconf 82' lang='lat' dir='ltr'><strong>accessit</strong></span> <span class='ocrx_word' id='word_1_25' title='bbox 1220 736 1435 802; x_wconf 83' lang='lat' dir='ltr'><strong>etiam</strong></span> <span class='ocrx_word' id='word_1_26' title='bbox 1486 734 1631 803; x_wconf 84' lang='lat' dir='ltr'><strong>is‘ta</strong></span> <span class='ocrx_word' id='word_1_27' title='bbox 1681 737 1935 821; x_wconf 87' lang='lat' dir='ltr'><strong>opinio</strong></span> <span class='ocrx_word' id='word_1_28' title='bbox 1972 739 2329 816; x_wconf 55' lang='lat' dir='ltr'><strong>tortasse,</strong></span> <span class='ocrx_word' id='word_1_29' title='bbox 2378 740 2578 825; x_wconf 71' lang='lat' dir='ltr'><strong>qnod</strong></span> 
     </span>
     <span class='ocr_line' id='line_1_7' title="bbox 212 839 2575 923; baseline 0 -13"><span class='ocrx_word' id='word_1_30' title='bbox 212 842 492 911; x_wconf 89' lang='lat' dir='ltr'><strong>bomini</strong></span> <span class='ocrx_word' id='word_1_31' title='bbox 527 839 815 911; x_wconf 82' lang='lat' dir='ltr'><strong>bomine</strong></span> <span class='ocrx_word' id='word_1_32' title='bbox 850 840 1037 905; x_wconf 84' lang='lat' dir='ltr'><strong>nibil</strong></span> <span class='ocrx_word' id='word_1_33' title='bbox 1075 839 1452 923; x_wconf 72' lang='lat' dir='ltr'><strong>pulchrius</strong></span> <span class='ocrx_word' id='word_1_34' title='bbox 1481 842 1833 907; x_wconf 77' lang='lat' dir='ltr'><strong>videatur.</strong></span> <span class='ocrx_word' id='word_1_35' title='bbox 1889 842 2204 908; x_wconf 76' lang='lat' dir='ltr'><strong>Posterius</strong></span> <span class='ocrx_word' id='word_1_36' title='bbox 2231 843 2575 911; x_wconf 87' lang='lat' dir='ltr'><strong>membmm</strong></span> 
     </span>
    </p>
   </div>
   <div class='ocr_carea' id='block_1_5' title="bbox 5 940 2575 1061">
    <p class='ocr_par' dir='ltr' id='par_1_5' title="bbox 5 940 2575 1061">
     <span class='ocr_line' id='line_1_8' title="bbox 5 940 2575 1061; baseline 0 -47"><span class='ocrx_word' id='word_1_37' title='bbox 5 944 6 951; x_wconf 75' lang='grc'>’</span> <span class='ocrx_word' id='word_1_38' title='bbox 58 956 72 969; x_wconf 84' lang='grc'><em>·</em></span> <span class='ocrx_word' id='word_1_39' title='bbox 212 947 360 1014; x_wconf 84' lang='lat' dir='ltr'><strong>nibil</strong></span> <span class='ocrx_word' id='word_1_40' title='bbox 385 946 505 1012; x_wconf 83' lang='lat' dir='ltr'><strong>nisi</strong></span> <span class='ocrx_word' id='word_1_41' title='bbox 533 944 1000 1061; x_wconf 66' lang='lat' dir='ltr'>desciptionem</span> <span class='ocrx_word' id='word_1_42' title='bbox 1028 944 1153 1008; x_wconf 83' lang='lat' dir='ltr'><strong>sive</strong></span> <span class='ocrx_word' id='word_1_43' title='bbox 1181 940 1817 1029; x_wconf 84' lang='lat' dir='ltr'><strong>circumloquutionem</strong></span> <span class='ocrx_word' id='word_1_44' title='bbox 1845 946 2025 1011; x_wconf 84' lang='lat' dir='ltr'><strong>habet</strong></span> <span class='ocrx_word' id='word_1_45' title='bbox 2050 946 2212 1024; x_wconf 85' lang='lat' dir='ltr'><strong>eius,</strong></span> <span class='ocrx_word' id='word_1_46' title='bbox 2256 966 2410 1031; x_wconf 83' lang='lat' dir='ltr'><strong>quae</strong></span> <span class='ocrx_word' id='word_1_47' title='bbox 2430 958 2575 1015; x_wconf 73' lang='lat' dir='ltr'><strong>ante</strong></span> 
     </span>
    </p>
   </div>
   <div class='ocr_carea' id='block_1_6' title="bbox 210 1046 2583 1334">
    <p class='ocr_par' dir='ltr' id='par_1_6' title="bbox 210 1046 2583 1332">
     <span class='ocr_line' id='line_1_9' title="bbox 211 1046 2583 1135; baseline 0.002 -20"><span class='ocrx_word' id='word_1_48' title='bbox 211 1050 533 1135; x_wconf 70' lang='lat' dir='ltr'><strong>significet·</strong></span> <span class='ocrx_word' id='word_1_49' title='bbox 559 1057 672 1123; x_wconf 76' lang='lat' dir='ltr'><strong>est,</strong></span> <span class='ocrx_word' id='word_1_50' title='bbox 701 1046 1036 1130; x_wconf 79' lang='lat' dir='ltr'><strong>opinionis3</strong></span> <span class='ocrx_word' id='word_1_51' title='bbox 1075 1047 1226 1112; x_wconf 81' lang='lat' dir='ltr'><strong>baec</strong></span> <span class='ocrx_word' id='word_1_52' title='bbox 1249 1055 1449 1112; x_wconf 79' lang='lat' dir='ltr'><strong>antem</strong></span> <span class='ocrx_word' id='word_1_53' title='bbox 1479 1049 1688 1133; x_wconf 87' lang='lat' dir='ltr'><strong>opinio</strong></span> <span class='ocrx_word' id='word_1_54' title='bbox 1717 1057 1830 1115; x_wconf 80' lang='lat' dir='ltr'><strong>est</strong></span> <span class='ocrx_word' id='word_1_55' title='bbox 1855 1068 2093 1134; x_wconf 77' lang='lat' dir='ltr'><strong>reapse,</strong></span> <span class='ocrx_word' id='word_1_56' title='bbox 2123 1068 2250 1116; x_wconf 90' lang='lat' dir='ltr'><strong>non</strong></span> <span class='ocrx_word' id='word_1_57' title='bbox 2280 1052 2583 1135; x_wconf 67' lang='lat' dir='ltr'><strong>cogitetur</strong></span> 
     </span>
     <span class='ocr_line' id='line_1_10' title="bbox 210 1151 2583 1240; baseline 0 -20"><span class='ocrx_word' id='word_1_58' title='bbox 210 1162 440 1220; x_wconf 78' lang='lat' dir='ltr'><strong>tantum</strong></span> <span class='ocrx_word' id='word_1_59' title='bbox 475 1171 637 1229; x_wconf 83' lang='lat' dir='ltr'><strong>esse,</strong></span> <span class='ocrx_word' id='word_1_60' title='bbox 685 1151 919 1234; x_wconf 80' lang='lat' dir='ltr'><strong>eisque,</strong></span> <span class='ocrx_word' id='word_1_61' title='bbox 957 1169 1216 1235; x_wconf 83' lang='lat' dir='ltr'><strong>quorum</strong></span> <span class='ocrx_word' id='word_1_62' title='bbox 1252 1160 1347 1217; x_wconf 81' lang='lat' dir='ltr'><strong>est</strong></span> <span class='ocrx_word' id='word_1_63' title='bbox 1381 1172 1451 1218; x_wconf 76' lang='lat' dir='ltr'><strong>ee</strong></span> <span class='ocrx_word' id='word_1_64' title='bbox 1487 1153 1726 1236; x_wconf 89' lang='lat' dir='ltr'><strong>opinio,</strong></span> <span class='ocrx_word' id='word_1_65' title='bbox 1760 1153 1992 1218; x_wconf 83' lang='lat' dir='ltr'><strong>videtur</strong></span> <span class='ocrx_word' id='word_1_66' title='bbox 2016 1172 2228 1237; x_wconf 76' lang='lat' dir='ltr'><strong>reapse</strong></span> <span class='ocrx_word' id='word_1_67' title='bbox 2255 1155 2583 1240; x_wconf 67' lang='lat' dir='ltr'><strong>nibilpnlo.</strong></span> 
     </span>
     <span class='ocr_line' id='line_1_11' title="bbox 210 1255 2575 1334; baseline 0 -10"><span class='ocrx_word' id='word_1_68' title='bbox 210 1259 413 1324; x_wconf 82' lang='lat' dir='ltr'><strong>ebrius</strong></span> <span class='ocrx_word' id='word_1_69' title='bbox 439 1256 707 1332; x_wconf 87' lang='lat' dir='ltr'><strong>bomine,</strong></span> <span class='ocrx_word' id='word_1_70' title='bbox 736 1272 863 1319; x_wconf 88' lang='lat' dir='ltr'><strong>non</strong></span> <span class='ocrx_word' id='word_1_71' title='bbox 893 1255 1155 1321; x_wconf 84' lang='lat' dir='ltr'><strong>sumitur</strong></span> <span class='ocrx_word' id='word_1_72' title='bbox 1179 1264 1411 1321; x_wconf 81' lang='lat' dir='ltr'><strong>tanum</strong></span> <span class='ocrx_word' id='word_1_73' title='bbox 1439 1275 1474 1320; x_wconf 83' lang='lat' dir='ltr'><strong>a</strong></span> <span class='ocrx_word' id='word_1_74' title='bbox 1504 1255 1737 1321; x_wconf 87' lang='lat' dir='ltr'><strong>dicente</strong></span> <span class='ocrx_word' id='word_1_75' title='bbox 1758 1266 1868 1322; x_wconf 88' lang='lat' dir='ltr'><strong>aut</strong></span> <span class='ocrx_word' id='word_1_76' title='bbox 1895 1257 2225 1334; x_wconf 85' lang='lat' dir='ltr'><strong>coniicitur,</strong></span> <span class='ocrx_word' id='word_1_77' title='bbox 2251 1258 2332 1322; x_wconf 81' lang='lat' dir='ltr'><strong>ita</strong></span> <span class='ocrx_word' id='word_1_78' title='bbox 2356 1258 2452 1324; x_wconf 76' lang='lat' dir='ltr'><strong>eis</strong></span> <span class='ocrx_word' id='word_1_79' title='bbox 2478 1259 2575 1325; x_wconf 76' lang='lat' dir='ltr'><strong>vi-</strong></span> 
     </span>
    </p>
   </div>
   <div class='ocr_carea' id='block_1_7' title="bbox 205 1357 2579 1654">
    <p class='ocr_par' dir='ltr' id='par_1_7' title="bbox 205 1357 2579 1654">
     <span class='ocr_line' id='line_1_12' title="bbox 210 1357 2579 1444; baseline -0.001 -17"><span class='ocrx_word' id='word_1_80' title='bbox 210 1362 356 1428; x_wconf 87' lang='lat' dir='ltr'><strong>deri.</strong></span> <span class='ocrx_word' id='word_1_81' title='bbox 422 1359 654 1438; x_wconf 84' lang='lat' dir='ltr'><strong>Quodsi</strong></span> <span class='ocrx_word' id='word_1_82' title='bbox 683 1377 861 1442; x_wconf 70' lang='lat' dir='ltr'><strong>quun</strong></span> <span class='ocrx_word' id='word_1_83' title='bbox 896 1359 1041 1425; x_wconf 83' lang='lat' dir='ltr'><strong>illud</strong></span> <span class='ocrx_word' id='word_1_84' title='bbox 1069 1359 1392 1424; x_wconf 81' lang='lat' dir='ltr'><strong>fortasse</strong></span> <span class='ocrx_word' id='word_1_85' title='bbox 1419 1357 1759 1436; x_wconf 87' lang='lat' dir='ltr'><strong>conturbet,</strong></span> <span class='ocrx_word' id='word_1_86' title='bbox 1795 1367 1975 1444; x_wconf 83' lang='lat' dir='ltr'><strong>atque</strong></span> <span class='ocrx_word' id='word_1_87' title='bbox 1989 1378 2075 1423; x_wconf 87' lang='lat' dir='ltr'><strong>·eo</strong></span> <span class='ocrx_word' id='word_1_88' title='bbox 2106 1358 2579 1439; x_wconf 70' lang='lat' dir='ltr'><strong>coniunctivnm,</strong></span> 
     </span>
     <span class='ocr_line' id='line_1_13' title="bbox 206 1462 2573 1547; baseline -0.001 -16"><span class='ocrx_word' id='word_1_89' title='bbox 206 1476 273 1531; x_wconf 89' lang='lat' dir='ltr'><strong>ut</strong></span> <span class='ocrx_word' id='word_1_90' title='bbox 306 1465 373 1530; x_wconf 91' lang='lat' dir='ltr'><strong>in</strong></span> <span class='ocrx_word' id='word_1_91' title='bbox 410 1484 478 1530; x_wconf 91' lang='lat' dir='ltr'><strong>re</strong></span> <span class='ocrx_word' id='word_1_92' title='bbox 515 1464 740 1529; x_wconf 68' lang='lat' dir='ltr'><strong>inca-ta</strong></span> <span class='ocrx_word' id='word_1_93' title='bbox 776 1463 1074 1546; x_wconf 85' lang='lat' dir='ltr'><strong>positum,</strong></span> <span class='ocrx_word' id='word_1_94' title='bbox 1122 1462 1276 1527; x_wconf 86' lang='lat' dir='ltr'><strong>tueri</strong></span> <span class='ocrx_word' id='word_1_95' title='bbox 1315 1472 1596 1540; x_wconf 74' lang='lat' dir='ltr'><strong>eonem,</strong></span> <span class='ocrx_word' id='word_1_96' title='bbox 1624 1497 1711 1510; x_wconf 93' lang='lat'><strong>—-</strong></span> <span class='ocrx_word' id='word_1_97' title='bbox 1739 1462 2221 1547; x_wconf 83' lang='lat' dir='ltr'><strong>quandoquidem</strong></span> <span class='ocrx_word' id='word_1_98' title='bbox 2256 1462 2406 1529; x_wconf 81' lang='lat' dir='ltr'><strong>nihil</strong></span> <span class='ocrx_word' id='word_1_99' title='bbox 2442 1474 2573 1541; x_wconf 78' lang='lat' dir='ltr'><strong>tam</strong></span> 
     </span>
     <span class='ocr_line' id='line_1_14' title="bbox 205 1565 2568 1654; baseline -0.005 -18"><span class='ocrx_word' id='word_1_100' title='bbox 205 1571 472 1654; x_wconf 85' lang='lat' dir='ltr'><strong>ineptum</strong></span> <span class='ocrx_word' id='word_1_101' title='bbox 499 1576 634 1647; x_wconf 75' lang='lat' dir='ltr'><strong>est,</strong></span> <span class='ocrx_word' id='word_1_102' title='bbox 676 1566 842 1651; x_wconf 84' lang='lat' dir='ltr'><strong>quod</strong></span> <span class='ocrx_word' id='word_1_103' title='bbox 876 1578 1006 1632; x_wconf 81' lang='lat' dir='ltr'><strong>non</strong></span> <span class='ocrx_word' id='word_1_104' title='bbox 1042 1567 1150 1632; x_wconf 89' lang='lat' dir='ltr'><strong>uni</strong></span> <span class='ocrx_word' id='word_1_105' title='bbox 1187 1575 1291 1632; x_wconf 82' lang='lat' dir='ltr'><strong>aut</strong></span> <span class='ocrx_word' id='word_1_106' title='bbox 1325 1567 1494 1631; x_wconf 79' lang='lat' dir='ltr'><strong>alteri</strong></span> <span class='ocrx_word' id='word_1_107' title='bbox 1527 1566 1920 1647; x_wconf 73' lang='lat' dir='ltr'><strong>grammatico</strong></span> <span class='ocrx_word' id='word_1_108' title='bbox 1957 1565 2193 1648; x_wconf 78' lang='lat' dir='ltr'><strong>placere</strong></span> <span class='ocrx_word' id='word_1_109' title='bbox 2217 1566 2568 1646; x_wconf 70' lang='lat' dir='ltr'><strong>videns„-‚-</strong></span> 
     </span>
    </p>
   </div>
   <div class='ocr_carea' id='block_1_8' title="bbox 203 1656 2581 1763">
    <p class='ocr_par' dir='ltr' id='par_1_8' title="bbox 203 1656 2581 1763">
     <span class='ocr_line' id='line_1_15' title="bbox 203 1656 2581 1763; baseline -0.002 -24"><span class='ocrx_word' id='word_1_110' title='bbox 203 1656 346 1739; x_wconf 69' lang='lat' dir='ltr'><strong>inhd</strong></span> <span class='ocrx_word' id='word_1_111' title='bbox 373 1674 695 1738; x_wconf 80' lang='lat' dir='ltr'><strong>fortasse</strong></span> <span class='ocrx_word' id='word_1_112' title='bbox 721 1678 954 1736; x_wconf 74' lang='lat' dir='ltr'><strong>tannim</strong></span> <span class='ocrx_word' id='word_1_113' title='bbox 981 1670 1056 1734; x_wconf 78' lang='lat' dir='ltr'><strong>ed</strong></span> <span class='ocrx_word' id='word_1_114' title='bbox 1078 1669 1326 1735; x_wconf 80' lang='lat' dir='ltr'><strong>verbum</strong></span> <span class='ocrx_word' id='word_1_115' title='bbox 1354 1669 1675 1734; x_wconf 77' lang='lat' dir='ltr'><strong>accessit</strong></span> <span class='ocrx_word' id='word_1_116' title='bbox 1701 1671 1979 1752; x_wconf 86' lang='lat' dir='ltr'><strong>pertinet,</strong></span> <span class='ocrx_word' id='word_1_117' title='bbox 2000 1688 2134 1763; x_wconf 82' lang='lat' dir='ltr'><strong>non</strong></span> <span class='ocrx_word' id='word_1_118' title='bbox 2162 1669 2237 1734; x_wconf 87' lang='lat' dir='ltr'><strong>ad</strong></span> <span class='ocrx_word' id='word_1_119' title='bbox 2257 1672 2581 1755; x_wconf 78' lang='lat' dir='ltr'><strong>opinionis.</strong></span> 
     </span>
    </p>
   </div>
   <div class='ocr_carea' id='block_1_9' title="bbox 193 1772 2577 3934">
    <p class='ocr_par' dir='ltr' id='par_1_9' title="bbox 193 1772 2577 3934">
     <span class='ocr_line' id='line_1_16' title="bbox 203 1772 2566 1860; baseline -0.002 -17"><span class='ocrx_word' id='word_1_120' title='bbox 203 1776 684 1860; x_wconf 66' lang='lat' dir='ltr'><strong>desciptionem.</strong></span> <span class='ocrx_word' id='word_1_121' title='bbox 748 1774 1186 1858; x_wconf 79' lang='lat' dir='ltr'><strong>Reponendum</strong></span> <span class='ocrx_word' id='word_1_122' title='bbox 1215 1781 1310 1838; x_wconf 80' lang='lat' dir='ltr'><strong>est</strong></span> <span class='ocrx_word' id='word_1_123' title='bbox 1345 1772 1527 1855; x_wconf 78' lang='lat' dir='ltr'><strong>igitur</strong></span> <span class='ocrx_word' id='word_1_124' title='bbox 1562 1781 1667 1836; x_wconf 79' lang='lat' dir='ltr'><strong>eut</strong></span> <span class='ocrx_word' id='word_1_125' title='bbox 1690 1772 2001 1851; x_wconf 77' lang='lat' dir='ltr'><strong>videtur,</strong></span> <span class='ocrx_word' id='word_1_126' title='bbox 2038 1780 2164 1851; x_wconf 85' lang='lat' dir='ltr'><strong>aut,</strong></span> <span class='ocrx_word' id='word_1_127' title='bbox 2201 1775 2364 1857; x_wconf 85' lang='lat' dir='ltr'><strong>quod</strong></span> <span class='ocrx_word' id='word_1_128' title='bbox 2393 1777 2566 1859; x_wconf 84' lang='lat' dir='ltr'><strong>equi-</strong></span> 
     </span>
     <span class='ocr_line' id='line_1_17' title="bbox 201 1875 2564 1964; baseline -0.001 -18"><span class='ocrx_word' id='word_1_129' title='bbox 201 1882 339 1946; x_wconf 87' lang='lat' dir='ltr'><strong>dem</strong></span> <span class='ocrx_word' id='word_1_130' title='bbox 366 1881 564 1946; x_wconf 74' lang='lat' dir='ltr'><strong>verius</strong></span> <span class='ocrx_word' id='word_1_131' title='bbox 592 1888 764 1964; x_wconf 84' lang='lat' dir='ltr'><strong>puto,</strong></span> <span class='ocrx_word' id='word_1_132' title='bbox 794 1876 1189 1943; x_wconf 78' lang='lat' dir='ltr'><strong>videbatur.</strong></span> <span class='ocrx_word' id='word_1_133' title='bbox 1246 1875 1691 1960; x_wconf 73' lang='lat' dir='ltr'><strong>leoquitur</strong></span> <span class='ocrx_word' id='word_1_134' title='bbox 1712 1876 1919 1942; x_wconf 86' lang='lat' dir='ltr'><strong>Cicero</strong></span> <span class='ocrx_word' id='word_1_135' title='bbox 1942 1876 2018 1942; x_wconf 90' lang='lat' dir='ltr'><strong>de</strong></span> <span class='ocrx_word' id='word_1_136' title='bbox 2038 1877 2300 1961; x_wconf 79' lang='lat' dir='ltr'><strong>antiquis</strong></span> <span class='ocrx_word' id='word_1_137' title='bbox 2321 1885 2564 1963; x_wconf 88' lang='lat' dir='ltr'><strong>tempo-</strong></span> 
     </span>
     <span class='ocr_line' id='line_1_18' title="bbox 197 1980 2565 2068; baseline -0.001 -18"><span class='ocrx_word' id='word_1_138' title='bbox 197 1985 397 2062; x_wconf 84' lang='lat' dir='ltr'><strong>ribus,</strong></span> <span class='ocrx_word' id='word_1_139' title='bbox 431 2002 622 2068; x_wconf 81' lang='lat' dir='ltr'><strong>quum</strong></span> <span class='ocrx_word' id='word_1_140' title='bbox 651 1983 917 2066; x_wconf 87' lang='lat' dir='ltr'><strong>primum</strong></span> <span class='ocrx_word' id='word_1_141' title='bbox 946 1982 1225 2046; x_wconf 86' lang='lat' dir='ltr'><strong>homines</strong></span> <span class='ocrx_word' id='word_1_142' title='bbox 1254 1980 1505 2045; x_wconf 86' lang='lat' dir='ltr'><strong>deorum</strong></span> <span class='ocrx_word' id='word_1_143' title='bbox 1534 1981 1759 2063; x_wconf 77' lang='lat' dir='ltr'><strong>figuras</strong></span> <span class='ocrx_word' id='word_1_144' title='bbox 1797 1981 2019 2064; x_wconf 78' lang='lat' dir='ltr'><strong>fingere</strong></span> <span class='ocrx_word' id='word_1_145' title='bbox 2056 1990 2565 2065; x_wconf 46' lang='lat' dir='ltr'><strong>cooperantem-³</strong></span> 
     </span>
     <span class='ocr_line' id='line_1_19' title="bbox 197 2084 2577 2171; baseline -0.001 -17"><span class='ocrx_word' id='word_1_146' title='bbox 197 2089 324 2154; x_wconf 70' lang='lat' dir='ltr'><strong>lmt</strong></span> <span class='ocrx_word' id='word_1_147' title='bbox 347 2097 545 2153; x_wconf 84' lang='lat' dir='ltr'><strong>autem</strong></span> <span class='ocrx_word' id='word_1_148' title='bbox 575 2087 929 2170; x_wconf 82' lang='lat' dir='ltr'><strong>plerumque</strong></span> <span class='ocrx_word' id='word_1_149' title='bbox 958 2084 1234 2150; x_wconf 77' lang='lat' dir='ltr'><strong>etLetini</strong></span> <span class='ocrx_word' id='word_1_150' title='bbox 1253 2092 1315 2148; x_wconf 90' lang='lat' dir='ltr'><strong>et</strong></span> <span class='ocrx_word' id='word_1_151' title='bbox 1334 2084 1542 2150; x_wconf 85' lang='lat' dir='ltr'><strong>Graeci</strong></span> <span class='ocrx_word' id='word_1_152' title='bbox 1570 2095 1632 2150; x_wconf 89' lang='lat' dir='ltr'><strong>et</strong></span> <span class='ocrx_word' id='word_1_153' title='bbox 1656 2093 1959 2151; x_wconf 70' lang='lat' dir='ltr'><strong>nostrates</strong></span> <span class='ocrx_word' id='word_1_154' title='bbox 1988 2104 2230 2171; x_wconf 79' lang='lat' dir='ltr'><strong>quoque</strong></span> <span class='ocrx_word' id='word_1_155' title='bbox 2258 2086 2577 2151; x_wconf 84' lang='lat' dir='ltr'><strong>in-earum·</strong></span> 
     </span>
     <span class='ocr_line' id='line_1_20' title="bbox 195 2189 2562 2272; baseline -0.001 -15"><span class='ocrx_word' id='word_1_156' title='bbox 195 2210 402 2257; x_wconf 83' lang='lat' dir='ltr'><strong>rerum</strong></span> <span class='ocrx_word' id='word_1_157' title='bbox 439 2190 1040 2264; x_wconf 70' lang='lat' dir='ltr'><strong>commemoratione,</strong></span> <span class='ocrx_word' id='word_1_158' title='bbox 1078 2207 1235 2272; x_wconf 85' lang='lat' dir='ltr'><strong>quae</strong></span> <span class='ocrx_word' id='word_1_159' title='bbox 1269 2205 1397 2252; x_wconf 86' lang='lat' dir='ltr'><strong>non</strong></span> <span class='ocrx_word' id='word_1_160' title='bbox 1435 2189 1635 2253; x_wconf 81' lang='lat' dir='ltr'><strong>solum</strong></span> <span class='ocrx_word' id='word_1_161' title='bbox 1675 2190 1916 2254; x_wconf 72' lang='lat' dir='ltr'><strong>merant</strong></span> <span class='ocrx_word' id='word_1_162' title='bbox 1942 2189 2138 2272; x_wconf 85' lang='lat' dir='ltr'><strong>aliquo</strong></span> <span class='ocrx_word' id='word_1_163' title='bbox 2175 2189 2379 2272; x_wconf 77' lang='lat' dir='ltr'><strong>priene</strong></span> <span class='ocrx_word' id='word_1_164' title='bbox 2403 2198 2562 2255; x_wconf 88' lang='lat' dir='ltr'><strong>tem-</strong></span> 
     </span>
     <span class='ocr_line' id='line_1_21' title="bbox 195 2291 2561 2380; baseline 0 -20"><span class='ocrx_word' id='word_1_165' title='bbox 195 2313 364 2380; x_wconf 83' lang='lat' dir='ltr'><strong>pore,</strong></span> <span class='ocrx_word' id='word_1_166' title='bbox 393 2294 498 2360; x_wconf 81' lang='lat' dir='ltr'><strong>eed</strong></span> <span class='ocrx_word' id='word_1_167' title='bbox 528 2294 855 2360; x_wconf 75' lang='lat' dir='ltr'><strong>etiamimm</strong></span> <span class='ocrx_word' id='word_1_168' title='bbox 883 2302 1029 2358; x_wconf 87' lang='lat' dir='ltr'><strong>sunt</strong></span> <span class='ocrx_word' id='word_1_169' title='bbox 1048 2311 1121 2357; x_wconf 85' lang='lat' dir='ltr'><strong>ae</strong></span> <span class='ocrx_word' id='word_1_170' title='bbox 1146 2291 1493 2375; x_wconf 83' lang='lat' dir='ltr'><strong>perdurant,</strong></span> <span class='ocrx_word' id='word_1_171' title='bbox 1521 2301 1741 2369; x_wconf 82' lang='lat' dir='ltr'><strong>tamen,</strong></span> <span class='ocrx_word' id='word_1_172' title='bbox 1767 2291 1871 2356; x_wconf 89' lang='lat' dir='ltr'><strong>ubi</strong></span> <span class='ocrx_word' id='word_1_173' title='bbox 1896 2292 2046 2357; x_wconf 83' lang='lat' dir='ltr'><strong>baec</strong></span> <span class='ocrx_word' id='word_1_174' title='bbox 2066 2292 2561 2360; x_wconf 72' lang='lat' dir='ltr'><strong>commemoratio</strong></span> 
     </span>
     <span class='ocr_line' id='line_1_22' title="bbox 194 2395 2560 2489; baseline -0.001 -25"><span class='ocrx_word' id='word_1_175' title='bbox 194 2399 613 2465; x_wconf 82' lang='lat' dir='ltr'><strong>tantummodo</strong></span> <span class='ocrx_word' id='word_1_176' title='bbox 639 2416 847 2464; x_wconf 84' lang='lat' dir='ltr'><strong>rernm</strong></span> <span class='ocrx_word' id='word_1_177' title='bbox 877 2396 1025 2462; x_wconf 85' lang='lat' dir='ltr'><strong>oiim</strong></span> <span class='ocrx_word' id='word_1_178' title='bbox 1063 2396 1353 2462; x_wconf 73' lang='lat' dir='ltr'><strong>iacturum</strong></span> <span class='ocrx_word' id='word_1_179' title='bbox 1373 2395 1652 2461; x_wconf 80' lang='lat' dir='ltr'><strong>relationi</strong></span> <span class='ocrx_word' id='word_1_180' title='bbox 1688 2395 1977 2461; x_wconf 86' lang='lat' dir='ltr'><strong>inseritur</strong></span> <span class='ocrx_word' id='word_1_181' title='bbox 2002 2396 2077 2461; x_wconf 76' lang='lat' dir='ltr'><strong>ed</strong></span> <span class='ocrx_word' id='word_1_182' title='bbox 2109 2415 2360 2489; x_wconf 76' lang='lat' dir='ltr'><strong>eamque</strong></span> <span class='ocrx_word' id='word_1_183' title='bbox 2386 2410 2560 2462; x_wconf 85' lang='lat' dir='ltr'><strong>com·</strong></span> 
     </span>
     <span class='ocr_line' id='line_1_23' title="bbox 195 2501 2560 2587; baseline 0 -20"><span class='ocrx_word' id='word_1_184' title='bbox 195 2502 475 2587; x_wconf 78' lang='lat' dir='ltr'><strong>piendam</strong></span> <span class='ocrx_word' id='word_1_185' title='bbox 501 2501 789 2585; x_wconf 81' lang='lat' dir='ltr'><strong>pertinet,</strong></span> <span class='ocrx_word' id='word_1_186' title='bbox 813 2501 947 2566; x_wconf 78' lang='lat' dir='ltr'><strong>illas</strong></span> <span class='ocrx_word' id='word_1_187' title='bbox 978 2519 1219 2584; x_wconf 85' lang='lat' dir='ltr'><strong>quoque</strong></span> <span class='ocrx_word' id='word_1_188' title='bbox 1245 2501 1409 2584; x_wconf 79' lang='lat' dir='ltr'><strong>ipses</strong></span> <span class='ocrx_word' id='word_1_189' title='bbox 1439 2512 1721 2583; x_wconf 83' lang='lat' dir='ltr'><strong>tanquam</strong></span> <span class='ocrx_word' id='word_1_190' title='bbox 1750 2519 1901 2584; x_wconf 86' lang='lat' dir='ltr'><strong>quae</strong></span> <span class='ocrx_word' id='word_1_191' title='bbox 1929 2508 2079 2579; x_wconf 86' lang='lat' dir='ltr'><strong>tum,</strong></span> <span class='ocrx_word' id='word_1_192' title='bbox 2104 2519 2293 2584; x_wconf 83' lang='lat' dir='ltr'><strong>quum</strong></span> <span class='ocrx_word' id='word_1_193' title='bbox 2320 2501 2435 2565; x_wconf 86' lang='lat' dir='ltr'><strong>hae</strong></span> <span class='ocrx_word' id='word_1_194' title='bbox 2460 2519 2560 2568; x_wconf 77' lang='lat' dir='ltr'><strong>res</strong></span> 
     </span>
     <span class='ocr_line' id='line_1_24' title="bbox 194 2604 2565 2691; baseline 0 -21"><span class='ocrx_word' id='word_1_195' title='bbox 194 2613 568 2691; x_wconf 74' lang='lat' dir='ltr'><strong>gererentm,</strong></span> <span class='ocrx_word' id='word_1_196' title='bbox 608 2605 858 2682; x_wconf 72' lang='lat' dir='ltr'><strong>fuci-int,</strong></span> <span class='ocrx_word' id='word_1_197' title='bbox 895 2621 1022 2668; x_wconf 91' lang='lat' dir='ltr'><strong>non</strong></span> <span class='ocrx_word' id='word_1_198' title='bbox 1061 2612 1344 2686; x_wconf 79' lang='lat' dir='ltr'><strong>tanquam</strong></span> <span class='ocrx_word' id='word_1_199' title='bbox 1374 2623 1526 2686; x_wconf 82' lang='lat' dir='ltr'><strong>quae</strong></span> <span class='ocrx_word' id='word_1_200' title='bbox 1553 2605 1883 2669; x_wconf 77' lang='lat' dir='ltr'><strong>etiamnum</strong></span> <span class='ocrx_word' id='word_1_201' title='bbox 1915 2604 2067 2683; x_wconf 80' lang='lat' dir='ltr'><strong>sint,</strong></span> <span class='ocrx_word' id='word_1_202' title='bbox 2107 2605 2229 2670; x_wconf 84' lang='lat' dir='ltr'><strong>hoe</strong></span> <span class='ocrx_word' id='word_1_203' title='bbox 2253 2613 2348 2671; x_wconf 77' lang='lat' dir='ltr'><strong>est</strong></span> <span class='ocrx_word' id='word_1_204' title='bbox 2382 2624 2565 2688; x_wconf 83' lang='lat' dir='ltr'><strong>prae-</strong></span> 
     </span>
     <span class='ocr_line' id='line_1_25' title="bbox 193 2707 2565 2791; baseline -0 -16"><span class='ocrx_word' id='word_1_205' title='bbox 193 2709 373 2775; x_wconf 85' lang='lat' dir='ltr'><strong>terito</strong></span> <span class='ocrx_word' id='word_1_206' title='bbox 411 2727 539 2774; x_wconf 91' lang='lat' dir='ltr'><strong>non</strong></span> <span class='ocrx_word' id='word_1_207' title='bbox 577 2708 876 2791; x_wconf 66' lang='lat' dir='ltr'><strong>praeculti</strong></span> <span class='ocrx_word' id='word_1_208' title='bbox 915 2707 1080 2772; x_wconf 81' lang='lat' dir='ltr'><strong>verbi</strong></span> <span class='ocrx_word' id='word_1_209' title='bbox 1123 2716 1394 2791; x_wconf 89' lang='lat' dir='ltr'><strong>tempore</strong></span> <span class='ocrx_word' id='word_1_210' title='bbox 1441 2726 1937 2773; x_wconf 87' lang='lat' dir='ltr'><strong>commemorare.</strong></span> <span class='ocrx_word' id='word_1_211' title='bbox 1977 2742 2069 2756; x_wconf 93' lang='lat'>—</span> <span class='ocrx_word' id='word_1_212' title='bbox 2120 2707 2269 2775; x_wconf 85' lang='lat' dir='ltr'><strong>Item</strong></span> <span class='ocrx_word' id='word_1_213' title='bbox 2306 2707 2565 2774; x_wconf 82' lang='lat' dir='ltr'><strong>vitiosus</strong></span> 
     </span>
     <span class='ocr_line' id='line_1_26' title="bbox 197 2808 2564 2895; baseline 0 -17"><span class='ocrx_word' id='word_1_214' title='bbox 197 2812 609 2878; x_wconf 72' lang='lat' dir='ltr'><strong>coniunctim</strong></span> <span class='ocrx_word' id='word_1_215' title='bbox 646 2817 743 2876; x_wconf 85' lang='lat' dir='ltr'><strong>est</strong></span> <span class='ocrx_word' id='word_1_216' title='bbox 779 2809 969 2888; x_wconf 64' lang='lat'><strong>«231,</strong></span> <span class='ocrx_word' id='word_1_217' title='bbox 1002 2809 1114 2875; x_wconf 83' lang='lat'><strong>85:</strong></span> <span class='ocrx_word' id='word_1_218' title='bbox 1164 2808 1244 2874; x_wconf 88' lang='lat' dir='ltr'><strong>ln</strong></span> <span class='ocrx_word' id='word_1_219' title='bbox 1295 2811 1431 2875; x_wconf 85' lang='lat' dir='ltr'><strong>hac</strong></span> <span class='ocrx_word' id='word_1_220' title='bbox 1479 2809 1577 2875; x_wconf 83' lang='lat' dir='ltr'><strong>ita</strong></span> <span class='ocrx_word' id='word_1_221' title='bbox 1616 2812 1951 2895; x_wconf 80' lang='lat' dir='ltr'><strong>exposita</strong></span> <span class='ocrx_word' id='word_1_222' title='bbox 1988 2813 2355 2877; x_wconf 86' lang='lat' dir='ltr'><strong>sententia</strong></span> <span class='ocrx_word' id='word_1_223' title='bbox 2378 2822 2564 2878; x_wconf 75' lang='lat' dir='ltr'><strong>sunt</strong></span> 
     </span>
     <span class='ocr_line' id='line_1_27' title="bbox 198 2912 2558 3000; baseline 0 -18"><span class='ocrx_word' id='word_1_224' title='bbox 198 2917 317 3000; x_wconf 81' lang='lat' dir='ltr'><strong>qui</strong></span> <span class='ocrx_word' id='word_1_225' title='bbox 346 2916 792 2991; x_wconf 85' lang='lat' dir='ltr'><strong>existiment,</strong></span> <span class='ocrx_word' id='word_1_226' title='bbox 822 2913 1011 2996; x_wconf 81' lang='lat' dir='ltr'><strong>quod</strong></span> <span class='ocrx_word' id='word_1_227' title='bbox 1040 2912 1165 2978; x_wconf 86' lang='lat' dir='ltr'><strong>ilie</strong></span> <span class='ocrx_word' id='word_1_228' title='bbox 1192 2913 1490 2978; x_wconf 85' lang='lat' dir='ltr'><strong>inscitia</strong></span> <span class='ocrx_word' id='word_1_229' title='bbox 1519 2914 1731 2997; x_wconf 84' lang='lat' dir='ltr'><strong>plane</strong></span> <span class='ocrx_word' id='word_1_230' title='bbox 1757 2914 2101 2998; x_wconf 87' lang='lat' dir='ltr'><strong>loquendi</strong></span> <span class='ocrx_word' id='word_1_231' title='bbox 2131 2917 2415 2994; x_wconf 80' lang='lat' dir='ltr'><strong>fecerit,</strong></span> <span class='ocrx_word' id='word_1_232' title='bbox 2445 2918 2558 2982; x_wconf 81' lang='lat' dir='ltr'><strong>fe-</strong></span> 
     </span>
     <span class='ocr_line' id='line_1_28' title="bbox 197 3017 2560 3102; baseline 0.001 -18"><span class='ocrx_word' id='word_1_233' title='bbox 197 3021 390 3085; x_wconf 79' lang='lat' dir='ltr'><strong>cisse</strong></span> <span class='ocrx_word' id='word_1_234' title='bbox 415 3020 781 3086; x_wconf 77' lang='lat' dir='ltr'><strong>consulto.</strong></span> <span class='ocrx_word' id='word_1_235' title='bbox 840 3017 991 3083; x_wconf 85' lang='lat' dir='ltr'><strong>Nam</strong></span> <span class='ocrx_word' id='word_1_236' title='bbox 1024 3018 1287 3082; x_wconf 79' lang='lat' dir='ltr'><strong>fecerit</strong></span> <span class='ocrx_word' id='word_1_237' title='bbox 1313 3026 1441 3082; x_wconf 90' lang='lat' dir='ltr'><strong>tum</strong></span> <span class='ocrx_word' id='word_1_238' title='bbox 1465 3018 1709 3083; x_wconf 88' lang='lat' dir='ltr'><strong>demum</strong></span> <span class='ocrx_word' id='word_1_239' title='bbox 1733 3018 1849 3083; x_wconf 85' lang='lat' dir='ltr'><strong>dici</strong></span> <span class='ocrx_word' id='word_1_240' title='bbox 1875 3028 2130 3102; x_wconf 85' lang='lat' dir='ltr'><strong>poterat,</strong></span> <span class='ocrx_word' id='word_1_241' title='bbox 2153 3020 2207 3084; x_wconf 83' lang='lat' dir='ltr'><strong>ei</strong></span> <span class='ocrx_word' id='word_1_242' title='bbox 2235 3040 2309 3085; x_wconf 81' lang='lat' dir='ltr'><strong>ex</strong></span> <span class='ocrx_word' id='word_1_243' title='bbox 2328 3040 2560 3101; x_wconf 87' lang='lat' dir='ltr'><strong>eorum,</strong></span> 
     </span>
     <span class='ocr_line' id='line_1_29' title="bbox 197 3121 2559 3208; baseline 0.001 -18"><span class='ocrx_word' id='word_1_244' title='bbox 197 3123 272 3189; x_wconf 84' lang='lat' dir='ltr'><strong>de</strong></span> <span class='ocrx_word' id='word_1_245' title='bbox 300 3123 521 3208; x_wconf 79' lang='lat' dir='ltr'><strong>quibus</strong></span> <span class='ocrx_word' id='word_1_246' title='bbox 550 3142 751 3189; x_wconf 77' lang='lat' dir='ltr'><strong>sei-mo</strong></span> <span class='ocrx_word' id='word_1_247' title='bbox 781 3130 1135 3198; x_wconf 78' lang='lat' dir='ltr'><strong>est,·mente</strong></span> <span class='ocrx_word' id='word_1_248' title='bbox 1161 3121 1306 3187; x_wconf 82' lang='lat' dir='ltr'><strong>illud</strong></span> <span class='ocrx_word' id='word_1_249' title='bbox 1335 3121 1657 3187; x_wconf 86' lang='lat' dir='ltr'><strong>diceretur:</strong></span> <span class='ocrx_word' id='word_1_250' title='bbox 1696 3122 1859 3205; x_wconf 83' lang='lat' dir='ltr'><strong>quod</strong></span> <span class='ocrx_word' id='word_1_251' title='bbox 1888 3131 2099 3188; x_wconf 76' lang='lat' dir='ltr'><strong>eontm</strong></span> <span class='ocrx_word' id='word_1_252' title='bbox 2127 3143 2260 3188; x_wconf 74' lang='lat' dir='ltr'><strong>esee</strong></span> <span class='ocrx_word' id='word_1_253' title='bbox 2288 3134 2559 3208; x_wconf 77' lang='lat' dir='ltr'><strong>appamt.</strong></span> 
     </span>
     <span class='ocr_line' id='line_1_30' title="bbox 195 3226 2560 3312; baseline 0.001 -20"><span class='ocrx_word' id='word_1_254' title='bbox 195 3227 286 3292; x_wconf 88' lang='lat' dir='ltr'><strong>mi</strong></span> <span class='ocrx_word' id='word_1_255' title='bbox 313 3227 477 3292; x_wconf 89' lang='lat' dir='ltr'><strong>enim</strong></span> <span class='ocrx_word' id='word_1_256' title='bbox 500 3227 776 3293; x_wconf 87' lang='lat' dir='ltr'><strong>consulto</strong></span> <span class='ocrx_word' id='word_1_257' title='bbox 797 3226 1145 3309; x_wconf 76' lang='lat' dir='ltr'><strong>Epicurum,</strong></span> <span class='ocrx_word' id='word_1_258' title='bbox 1173 3243 1300 3291; x_wconf 91' lang='lat' dir='ltr'><strong>non</strong></span> <span class='ocrx_word' id='word_1_259' title='bbox 1320 3235 1572 3309; x_wconf 87' lang='lat' dir='ltr'><strong>propter</strong></span> <span class='ocrx_word' id='word_1_260' title='bbox 1596 3226 1891 3291; x_wconf 79' lang='lat' dir='ltr'><strong>inscitiam</strong></span> <span class='ocrx_word' id='word_1_261' title='bbox 1920 3227 2001 3292; x_wconf 79' lang='lat' dir='ltr'><strong>ita</strong></span> <span class='ocrx_word' id='word_1_262' title='bbox 2022 3227 2235 3292; x_wconf 81' lang='lat' dir='ltr'><strong>fecisse</strong></span> <span class='ocrx_word' id='word_1_263' title='bbox 2253 3229 2560 3312; x_wconf 81' lang='lat' dir='ltr'><strong>putebant,</strong></span> 
     </span>
     <span class='ocr_line' id='line_1_31' title="bbox 197 3328 2560 3420; baseline 0.002 -26"><span class='ocrx_word' id='word_1_264' title='bbox 197 3348 462 3413; x_wconf 81' lang='lat' dir='ltr'><strong>quornm</strong></span> <span class='ocrx_word' id='word_1_265' title='bbox 481 3329 752 3413; x_wconf 87' lang='lat' dir='ltr'><strong>opinioni</strong></span> <span class='ocrx_word' id='word_1_266' title='bbox 771 3349 808 3394; x_wconf 87' lang='lat' dir='ltr'><strong>a</strong></span> <span class='ocrx_word' id='word_1_267' title='bbox 830 3330 1002 3395; x_wconf 85' lang='lat' dir='ltr'><strong>Cotta</strong></span> <span class='ocrx_word' id='word_1_268' title='bbox 1028 3329 1112 3407; x_wconf 92' lang='lat' dir='ltr'><strong>id,</strong></span> <span class='ocrx_word' id='word_1_269' title='bbox 1141 3328 1304 3412; x_wconf 88' lang='lat' dir='ltr'><strong>quod</strong></span> <span class='ocrx_word' id='word_1_270' title='bbox 1328 3347 1432 3420; x_wconf 74' lang='lat' dir='ltr'><strong>res</strong></span> <span class='ocrx_word' id='word_1_271' title='bbox 1454 3338 1568 3405; x_wconf 90' lang='lat' dir='ltr'><strong>est,</strong></span> <span class='ocrx_word' id='word_1_272' title='bbox 1599 3329 1943 3414; x_wconf 83' lang='lat' dir='ltr'><strong>opponitur,</strong></span> <span class='ocrx_word' id='word_1_273' title='bbox 1970 3330 2183 3396; x_wconf 81' lang='lat' dir='ltr'><strong>secisse</strong></span> <span class='ocrx_word' id='word_1_274' title='bbox 2206 3331 2375 3397; x_wconf 89' lang='lat' dir='ltr'><strong>illum</strong></span> <span class='ocrx_word' id='word_1_275' title='bbox 2394 3333 2560 3410; x_wconf 76' lang='lat' dir='ltr'><strong>idco,</strong></span> 
     </span>
     <span class='ocr_line' id='line_1_32' title="bbox 195 3432 2556 3518; baseline 0 -18"><span class='ocrx_word' id='word_1_276' title='bbox 195 3435 332 3518; x_wconf 82' lang='lat' dir='ltr'><strong>quia</strong></span> <span class='ocrx_word' id='word_1_277' title='bbox 357 3435 540 3518; x_wconf 83' lang='lat' dir='ltr'><strong>plane</strong></span> <span class='ocrx_word' id='word_1_278' title='bbox 573 3434 741 3518; x_wconf 84' lang='lat' dir='ltr'><strong>loqui</strong></span> <span class='ocrx_word' id='word_1_279' title='bbox 780 3433 1057 3499; x_wconf 78' lang='lat' dir='ltr'><strong>nesciret.</strong></span> <span class='ocrx_word' id='word_1_280' title='bbox 1126 3432 1524 3498; x_wconf 84' lang='lat' dir='ltr'><strong>Scribendum</strong></span> <span class='ocrx_word' id='word_1_281' title='bbox 1556 3443 1658 3498; x_wconf 77' lang='lat' dir='ltr'><strong>cst</strong></span> <span class='ocrx_word' id='word_1_282' title='bbox 1692 3433 1871 3516; x_wconf 75' lang='lat' dir='ltr'><strong>igitur</strong></span> <span class='ocrx_word' id='word_1_283' title='bbox 1906 3434 2196 3501; x_wconf 74' lang='lat' dir='ltr'><strong>fecerat.</strong></span> <span class='ocrx_word' id='word_1_284' title='bbox 2246 3469 2333 3485; x_wconf 90' lang='lat'><strong>—-</strong></span> <span class='ocrx_word' id='word_1_285' title='bbox 2388 3435 2556 3501; x_wconf 85' lang='lat' dir='ltr'><strong>Idem</strong></span> 
     </span>
     <span class='ocr_line' id='line_1_33' title="bbox 195 3536 2559 3624; baseline 0.001 -20"><span class='ocrx_word' id='word_1_286' title='bbox 195 3556 385 3621; x_wconf 78' lang='lat' dir='ltr'><strong>genus</strong></span> <span class='ocrx_word' id='word_1_287' title='bbox 410 3537 534 3602; x_wconf 75' lang='lat' dir='ltr'><strong>vitii</strong></span> <span class='ocrx_word' id='word_1_288' title='bbox 562 3536 636 3603; x_wconf 85' lang='lat' dir='ltr'><strong>ab</strong></span> <span class='ocrx_word' id='word_1_289' title='bbox 657 3537 932 3602; x_wconf 78' lang='lat' dir='ltr'><strong>Ernestio</strong></span> <span class='ocrx_word' id='word_1_290' title='bbox 960 3545 1233 3602; x_wconf 89' lang='lat' dir='ltr'><strong>notatum</strong></span> <span class='ocrx_word' id='word_1_291' title='bbox 1264 3546 1360 3601; x_wconf 91' lang='lat' dir='ltr'><strong>est</strong></span> <span class='ocrx_word' id='word_1_292' title='bbox 1377 3556 1431 3601; x_wconf 84' lang='lat' dir='ltr'><strong>c.</strong></span> <span class='ocrx_word' id='word_1_293' title='bbox 1461 3538 1560 3614; x_wconf 17' lang='lat'><strong>1¹5,</strong></span> <span class='ocrx_word' id='word_1_294' title='bbox 1582 3538 1688 3613; x_wconf 85' lang='lat'><strong>41,</strong></span> <span class='ocrx_word' id='word_1_295' title='bbox 1717 3536 1821 3602; x_wconf 89' lang='lat' dir='ltr'><strong>ubi</strong></span> <span class='ocrx_word' id='word_1_296' title='bbox 1840 3536 2078 3604; x_wconf 80' lang='lat' dir='ltr'><strong>codices</strong></span> <span class='ocrx_word' id='word_1_297' title='bbox 2105 3549 2340 3624; x_wconf 85' lang='lat' dir='ltr'><strong>praeter</strong></span> <span class='ocrx_word' id='word_1_298' title='bbox 2360 3559 2559 3605; x_wconf 79' lang='lat' dir='ltr'><strong>unum</strong></span> 
     </span>
     <span class='ocr_line' id='line_1_34' title="bbox 197 3639 2559 3726; baseline -0.001 -19"><span class='ocrx_word' id='word_1_299' title='bbox 197 3660 412 3707; x_wconf 79' lang='lat' dir='ltr'><strong>omnes</strong></span> <span class='ocrx_word' id='word_1_300' title='bbox 440 3642 543 3706; x_wconf 83' lang='lat' dir='ltr'><strong>-sic</strong></span> <span class='ocrx_word' id='word_1_301' title='bbox 575 3640 822 3706; x_wconf 84' lang='lat' dir='ltr'><strong>habent:</strong></span> <span class='ocrx_word' id='word_1_302' title='bbox 860 3641 932 3706; x_wconf 91' lang='lat' dir='ltr'><strong>in</strong></span> <span class='ocrx_word' id='word_1_303' title='bbox 969 3642 1291 3707; x_wconf 83' lang='lat' dir='ltr'><strong>secundo</strong></span> <span class='ocrx_word' id='word_1_304' title='bbox 1328 3648 1569 3705; x_wconf 87' lang='lat' dir='ltr'><strong>autem</strong></span> <span class='ocrx_word' id='word_1_305' title='bbox 1598 3639 1861 3721; x_wconf 86' lang='lat' dir='ltr'><strong>(libro)</strong></span> <span class='ocrx_word' id='word_1_306' title='bbox 1892 3641 2046 3707; x_wconf 76' lang='lat' dir='ltr'><strong>vult</strong></span> <span class='ocrx_word' id='word_1_307' title='bbox 2075 3641 2374 3726; x_wconf 82' lang='lat' dir='ltr'><strong>Orphei,</strong></span> <span class='ocrx_word' id='word_1_308' title='bbox 2398 3642 2559 3710; x_wconf 59' lang='lat' dir='ltr'><strong>En,-</strong></span> 
     </span>
     <span class='ocr_line' id='line_1_35' title="bbox 197 3744 2560 3829; baseline 0 -18"><span class='ocrx_word' id='word_1_309' title='bbox 197 3745 379 3824; x_wconf 80' lang='lat' dir='ltr'><strong>eaei,</strong></span> <span class='ocrx_word' id='word_1_310' title='bbox 415 3744 722 3810; x_wconf 80' lang='lat' dir='ltr'><strong>Hesiodi</strong></span> <span class='ocrx_word' id='word_1_311' title='bbox 761 3745 1201 3828; x_wconf 83' lang='lat' dir='ltr'><strong>Homerique</strong></span> <span class='ocrx_word' id='word_1_312' title='bbox 1239 3744 1543 3819; x_wconf 75' lang='lat' dir='ltr'><strong>fabellas</strong></span> <span class='ocrx_word' id='word_1_313' title='bbox 1583 3745 2056 3811; x_wconf 85' lang='lat' dir='ltr'><strong>accomodare</strong></span> <span class='ocrx_word' id='word_1_314' title='bbox 2092 3747 2179 3812; x_wconf 87' lang='lat' dir='ltr'><strong>ad</strong></span> <span class='ocrx_word' id='word_1_315' title='bbox 2216 3766 2325 3824; x_wconf 83' lang='lat' dir='ltr'><strong>ea,</strong></span> <span class='ocrx_word' id='word_1_316' title='bbox 2370 3765 2560 3829; x_wconf 79' lang='lat' dir='ltr'><strong>quae</strong></span> 
     </span>
     <span class='ocr_line' id='line_1_36' title="bbox 196 3847 2559 3934; baseline 0 -20"><span class='ocrx_word' id='word_1_317' title='bbox 196 3849 360 3934; x_wconf 81' lang='lat' dir='ltr'><strong>ipse</strong></span> <span class='ocrx_word' id='word_1_318' title='bbox 395 3849 629 3932; x_wconf 86' lang='lat' dir='ltr'><strong>primo</strong></span> <span class='ocrx_word' id='word_1_319' title='bbox 668 3847 861 3913; x_wconf 87' lang='lat' dir='ltr'><strong>libro</strong></span> <span class='ocrx_word' id='word_1_320' title='bbox 900 3849 985 3915; x_wconf 91' lang='lat' dir='ltr'><strong>de</strong></span> <span class='ocrx_word' id='word_1_321' title='bbox 1021 3849 1168 3914; x_wconf 87' lang='lat' dir='ltr'><strong>diis</strong></span> <span class='ocrx_word' id='word_1_322' title='bbox 1212 3848 1748 3914; x_wconf 74' lang='lat' dir='ltr'><strong>immortalibus</strong></span> <span class='ocrx_word' id='word_1_323' title='bbox 1787 3850 2072 3915; x_wconf 84' lang='lat' dir='ltr'><strong>dixerit.</strong></span> <span class='ocrx_word' id='word_1_324' title='bbox 2131 3850 2324 3915; x_wconf 81' lang='lat' dir='ltr'><strong>immo</strong></span> <span class='ocrx_word' id='word_1_325' title='bbox 2354 3850 2559 3915; x_wconf 85' lang='lat' dir='ltr'><strong>dixe-</strong></span> 
     </span>
    </p>
   </div>
   <div class='ocr_carea' id='block_1_10' title="bbox 2605 2933 2669 2987">
    <p class='ocr_par' dir='ltr' id='par_1_10' title="bbox 2605 2933 2669 2987">
     <span class='ocr_line' id='line_1_37' title="bbox 2605 2933 2669 2987; baseline -0.016 0"><span class='ocrx_word' id='word_1_326' title='bbox 2605 2933 2669 2987; x_wconf 79' lang='lat'><strong>17</strong></span> 
     </span>
    </p>
   </div>
   <div class='ocr_carea' id='block_1_11' title="bbox 194 3950 2654 4038">
    <p class='ocr_par' dir='ltr' id='par_1_11' title="bbox 194 3950 2654 4038">
     <span class='ocr_line' id='line_1_38' title="bbox 194 3950 2654 4038; baseline 0.001 -21"><span class='ocrx_word' id='word_1_327' title='bbox 194 3960 331 4030; x_wconf 81' lang='lat' dir='ltr'><strong>rat,</strong></span> <span class='ocrx_word' id='word_1_328' title='bbox 359 3952 522 4035; x_wconf 84' lang='lat' dir='ltr'><strong>quod</strong></span> <span class='ocrx_word' id='word_1_329' title='bbox 551 3950 629 4017; x_wconf 80' lang='lat' dir='ltr'><strong>ab</strong></span> <span class='ocrx_word' id='word_1_330' title='bbox 655 3952 932 4017; x_wconf 84' lang='lat' dir='ltr'><strong>Emeetio</strong></span> <span class='ocrx_word' id='word_1_331' title='bbox 961 3954 1446 4018; x_wconf 86' lang='lat' dir='ltr'><strong>commendatum</strong></span> <span class='ocrx_word' id='word_1_332' title='bbox 1474 3961 1829 4038; x_wconf 86' lang='lat' dir='ltr'><strong>receperunt</strong></span> <span class='ocrx_word' id='word_1_333' title='bbox 1856 3954 2240 4019; x_wconf 82' lang='lat' dir='ltr'><strong>Heindorflus</strong></span> <span class='ocrx_word' id='word_1_334' title='bbox 2262 3955 2561 4020; x_wconf 70' lang='lat' dir='ltr'><strong>culoso—</strong></span> <span class='ocrx_word' id='word_1_335' title='bbox 2647 4004 2654 4011; x_wconf 90' lang='lat'><strong>.</strong></span> 
     </span>
    </p>
   </div>
   <div class='ocr_carea' id='block_1_12' title="bbox 192 4054 2625 4474">
    <p class='ocr_par' dir='ltr' id='par_1_12' title="bbox 192 4054 2563 4347">
     <span class='ocr_line' id='line_1_39' title="bbox 193 4054 2556 4142; baseline 0.001 -22"><span class='ocrx_word' id='word_1_336' title='bbox 193 4074 300 4120; x_wconf 84' lang='lat' dir='ltr'><strong>rus</strong></span> <span class='ocrx_word' id='word_1_337' title='bbox 338 4055 406 4120; x_wconf 91' lang='lat' dir='ltr'><strong>in</strong></span> <span class='ocrx_word' id='word_1_338' title='bbox 431 4054 525 4119; x_wconf 86' lang='lat' dir='ltr'><strong>ed.</strong></span> <span class='ocrx_word' id='word_1_339' title='bbox 565 4054 820 4119; x_wconf 87' lang='lat' dir='ltr'><strong>minore.</strong></span> <span class='ocrx_word' id='word_1_340' title='bbox 899 4055 1050 4120; x_wconf 81' lang='lat' dir='ltr'><strong>Nam</strong></span> <span class='ocrx_word' id='word_1_341' title='bbox 1079 4056 1240 4140; x_wconf 83' lang='lat' dir='ltr'><strong>quod</strong></span> <span class='ocrx_word' id='word_1_342' title='bbox 1270 4054 1525 4122; x_wconf 81' lang='lat' dir='ltr'><strong>Orellius</strong></span> <span class='ocrx_word' id='word_1_343' title='bbox 1560 4077 1602 4121; x_wconf 85' lang='lat' dir='ltr'><strong>e</strong></span> <span class='ocrx_word' id='word_1_344' title='bbox 1632 4057 1949 4142; x_wconf 79' lang='lat' dir='ltr'><strong>Chrysippi</strong></span> <span class='ocrx_word' id='word_1_345' title='bbox 1984 4065 2185 4122; x_wconf 87' lang='lat' dir='ltr'><strong>mente</strong></span> <span class='ocrx_word' id='word_1_346' title='bbox 2220 4058 2369 4122; x_wconf 87' lang='lat' dir='ltr'><strong>haec</strong></span> <span class='ocrx_word' id='word_1_347' title='bbox 2403 4056 2556 4122; x_wconf 83' lang='lat' dir='ltr'><strong>dicta</strong></span> 
     </span>
     <span class='ocr_line' id='line_1_40' title="bbox 192 4158 2558 4246; baseline 0.002 -23"><span class='ocrx_word' id='word_1_348' title='bbox 192 4158 344 4235; x_wconf 81' lang='lat' dir='ltr'><strong>vult,</strong></span> <span class='ocrx_word' id='word_1_349' title='bbox 369 4158 448 4223; x_wconf 75' lang='lat' dir='ltr'><strong>ed</strong></span> <span class='ocrx_word' id='word_1_350' title='bbox 473 4178 565 4236; x_wconf 82' lang='lat' dir='ltr'><strong>ea,</strong></span> <span class='ocrx_word' id='word_1_351' title='bbox 593 4177 746 4241; x_wconf 80' lang='lat' dir='ltr'><strong>quae</strong></span> <span class='ocrx_word' id='word_1_352' title='bbox 772 4158 971 4242; x_wconf 89' lang='lat' dir='ltr'><strong>primo</strong></span> <span class='ocrx_word' id='word_1_353' title='bbox 999 4159 1150 4225; x_wconf 87' lang='lat' dir='ltr'><strong>libro</strong></span> <span class='ocrx_word' id='word_1_354' title='bbox 1179 4181 1215 4226; x_wconf 90' lang='lat' dir='ltr'><strong>a</strong></span> <span class='ocrx_word' id='word_1_355' title='bbox 1243 4181 1312 4227; x_wconf 82' lang='lat' dir='ltr'><strong>se</strong></span> <span class='ocrx_word' id='word_1_356' title='bbox 1337 4162 1653 4246; x_wconf 85' lang='lat' dir='ltr'><strong>proposita</strong></span> <span class='ocrx_word' id='word_1_357' title='bbox 1680 4170 1906 4238; x_wconf 72' lang='lat' dir='ltr'><strong>essent,</strong></span> <span class='ocrx_word' id='word_1_358' title='bbox 1933 4162 2218 4226; x_wconf 86' lang='lat' dir='ltr'><strong>lectorem</strong></span> <span class='ocrx_word' id='word_1_359' title='bbox 2246 4162 2558 4228; x_wconf 79' lang='lat' dir='ltr'><strong>remitten-</strong></span> 
     </span>
     <span class='ocr_line' id='line_1_41' title="bbox 197 4261 2625 4347; baseline 0.003 -21"><span class='ocrx_word' id='word_1_360' title='bbox 197 4261 303 4337; x_wconf 87' lang='lat' dir='ltr'><strong>tis,</strong></span> <span class='ocrx_word' id='word_1_361' title='bbox 354 4261 414 4325; x_wconf 89' lang='lat' dir='ltr'><strong>id</strong></span> <span class='ocrx_word' id='word_1_362' title='bbox 451 4262 517 4327; x_wconf 91' lang='lat' dir='ltr'><strong>in</strong></span> <span class='ocrx_word' id='word_1_363' title='bbox 551 4261 671 4326; x_wconf 76' lang='lat' dir='ltr'><strong>bec</strong></span> <span class='ocrx_word' id='word_1_364' title='bbox 705 4262 944 4345; x_wconf 82' lang='lat' dir='ltr'><strong>quidem</strong></span> <span class='ocrx_word' id='word_1_365' title='bbox 980 4265 1455 4332; x_wconf 72' lang='lat' dir='ltr'><strong>conformatione</strong></span> <span class='ocrx_word' id='word_1_366' title='bbox 1491 4266 1781 4330; x_wconf 85' lang='lat' dir='ltr'><strong>orationis</strong></span> <span class='ocrx_word' id='word_1_367' title='bbox 1818 4265 2007 4330; x_wconf 86' lang='lat' dir='ltr'><strong>nullo</strong></span> <span class='ocrx_word' id='word_1_368' title='bbox 2021 4265 2206 4329; x_wconf 91' lang='lat' dir='ltr'><strong>modo</strong></span> <span class='ocrx_word' id='word_1_369' title='bbox 2234 4264 2625 4347; x_wconf 76' lang='lat' dir='ltr'><strong>probabile</strong></span> 
     </span>
    </p>

    <p class='ocr_par' dir='ltr' id='par_1_13' title="bbox 198 4362 2565 4474">
     <span class='ocr_line' id='line_1_42' title="bbox 198 4362 2565 4474; baseline 0.003 -45.211"><span class='ocrx_word' id='word_1_370' title='bbox 198 4372 309 4474; x_wconf 75' lang='lat' dir='ltr'><strong>eet.</strong></span> <span class='ocrx_word' id='word_1_371' title='bbox 361 4362 634 4430; x_wconf 82' lang='lat' dir='ltr'><strong>Nobbius</strong></span> <span class='ocrx_word' id='word_1_372' title='bbox 662 4364 1004 4445; x_wconf 83' lang='lat' dir='ltr'><strong>dix(er)it</strong></span> <span class='ocrx_word' id='word_1_373' title='bbox 1029 4366 1292 4449; x_wconf 79' lang='lat' dir='ltr'><strong>scripsit,</strong></span> <span class='ocrx_word' id='word_1_374' title='bbox 1321 4369 1543 4433; x_wconf 73' lang='lat' dir='ltr'><strong>sciiicet</strong></span> <span class='ocrx_word' id='word_1_375' title='bbox 1569 4368 1949 4434; x_wconf 82' lang='lat' dir='ltr'><strong>indicetivum</strong></span> <span class='ocrx_word' id='word_1_376' title='bbox 1971 4368 2257 4453; x_wconf 80' lang='lat' dir='ltr'><strong>probans,</strong></span> <span class='ocrx_word' id='word_1_377' title='bbox 2285 4367 2363 4432; x_wconf 88' lang='lat' dir='ltr'><strong>de</strong></span> <span class='ocrx_word' id='word_1_378' title='bbox 2382 4369 2565 4452; x_wconf 75' lang='lat' dir='ltr'><strong>plus-</strong></span> 
     </span>
    </p>
   </div>
  </div>
 </body>
</html>
