<?xml version="1.0" encoding="UTF-8"?>
<!DOCTYPE html PUBLIC "-//W3C//DTD XHTML 1.0 Transitional//EN"
    "http://www.w3.org/TR/xhtml1/DTD/xhtml1-transitional.dtd">
<html xmlns="http://www.w3.org/1999/xhtml" xml:lang="en" lang="en">
 <head>
  <title>
</title>
<meta http-equiv="Content-Type" content="text/html;charset=utf-8" />
  <meta name='ocr-system' content='tesseract 3.04.00' />
  <meta name='ocr-capabilities' content='ocr_page ocr_carea ocr_par ocr_line ocrx_word'/>
</head>
<body>
  <div class='ocr_page' id='page_1' title='image "./opusculaacademi04schgoog_0209.png"; bbox 0 0 3102 4866; ppageno 0'>
   <div class='ocr_carea' id='block_1_1' title="bbox 1394 198 1583 309">
    <p class='ocr_par' dir='ltr' id='par_1_1' title="bbox 1394 198 1583 309">
     <span class='ocr_line' id='line_1_1' title="bbox 1394 198 1583 309; baseline 0.016 -3"><span class='ocrx_word' id='word_1_1' title='bbox 1394 198 1583 309; x_wconf 66' lang='grc' dir='ltr'><strong>199Δ</strong></span> 
     </span>
    </p>
   </div>
   <div class='ocr_carea' id='block_1_2' title="bbox 1247 330 1660 346">
    <p class='ocr_par' dir='ltr' id='par_1_2' title="bbox 1247 330 1660 346">
     <span class='ocr_line' id='line_1_2' title="bbox 1247 330 1660 346; baseline 0 4520"><span class='ocrx_word' id='word_1_2' title='bbox 1247 330 1660 346; x_wconf 95' lang='lat' dir='ltr'><strong> </strong></span> 
     </span>
    </p>
   </div>
   <div class='ocr_carea' id='block_1_3' title="bbox 274 433 2636 1147">
    <p class='ocr_par' dir='ltr' id='par_1_3' title="bbox 274 433 2636 1147">
     <span class='ocr_line' id='line_1_3' title="bbox 276 433 2636 519; baseline 0.003 -20"><span class='ocrx_word' id='word_1_3' title='bbox 276 435 479 501; x_wconf 70' lang='lat' dir='ltr'><strong>verbis</strong></span> <span class='ocrx_word' id='word_1_4' title='bbox 517 452 664 499; x_wconf 82' lang='lat' dir='ltr'><strong>vero</strong></span> <span class='ocrx_word' id='word_1_5' title='bbox 693 438 1106 518; x_wconf 68' lang='lat' dir='ltr'><strong>compositione</strong></span> <span class='ocrx_word' id='word_1_6' title='bbox 1133 433 1300 519; x_wconf 74' lang='lat' dir='ltr'><strong>foeta</strong></span> <span class='ocrx_word' id='word_1_7' title='bbox 1345 446 1399 499; x_wconf 81' lang='lat' dir='ltr'><strong>et</strong></span> <span class='ocrx_word' id='word_1_8' title='bbox 1437 435 1529 500; x_wconf 68' lang='lat' dir='ltr'><strong>dis</strong></span> <span class='ocrx_word' id='word_1_9' title='bbox 1568 439 1703 500; x_wconf 69' lang='lat' dir='ltr'><strong>iocre</strong></span> <span class='ocrx_word' id='word_1_10' title='bbox 1732 438 2001 504; x_wconf 64' lang='lat' dir='ltr'><strong>iurando</strong></span> <span class='ocrx_word' id='word_1_11' title='bbox 2031 437 2370 517; x_wconf 63' lang='lat' dir='ltr'><strong>obstrictus,</strong></span> <span class='ocrx_word' id='word_1_12' title='bbox 2401 442 2636 505; x_wconf 62' lang='lat' dir='ltr'><strong>atim</strong></span> 
     </span>
     <span class='ocr_line' id='line_1_4' title="bbox 276 538 2634 627; baseline 0.003 -24"><span class='ocrx_word' id='word_1_13' title='bbox 276 539 430 603; x_wconf 77' lang='grc' dir='ltr'><strong><em>ηιιἹιι·</em></strong></span> <span class='ocrx_word' id='word_1_14' title='bbox 451 542 573 605; x_wconf 67' lang='grc' dir='ltr'><strong>,αὑ</strong></span> <span class='ocrx_word' id='word_1_15' title='bbox 600 549 654 603; x_wconf 73' lang='lat' dir='ltr'><strong>et</strong></span> <span class='ocrx_word' id='word_1_16' title='bbox 680 542 1061 604; x_wconf 59' lang='lat' dir='ltr'><strong>meorum</strong></span> <span class='ocrx_word' id='word_1_17' title='bbox 1089 558 1354 605; x_wconf 70' lang='lat' dir='ltr'><strong>morum</strong></span> <span class='ocrx_word' id='word_1_18' title='bbox 1386 538 1775 623; x_wconf 63' lang='lat' dir='ltr'><strong>legationibus</strong></span> <span class='ocrx_word' id='word_1_19' title='bbox 1801 561 1925 606; x_wconf 70' lang='lat' dir='ltr'><strong>non</strong></span> <span class='ocrx_word' id='word_1_20' title='bbox 1946 543 2212 627; x_wconf 74' lang='lat' dir='ltr'><strong>parebis,</strong></span> <span class='ocrx_word' id='word_1_21' title='bbox 2238 542 2634 610; x_wconf 77' lang='lat' dir='ltr'><strong>sensnmloci</strong></span> 
     </span>
     <span class='ocr_line' id='line_1_5' title="bbox 276 644 2634 727; baseline 0.002 -18"><span class='ocrx_word' id='word_1_22' title='bbox 276 646 394 709; x_wconf 88' lang='lat' dir='ltr'><strong>hac</strong></span> <span class='ocrx_word' id='word_1_23' title='bbox 435 644 712 708; x_wconf 75' lang='lat' dir='ltr'>versione</span> <span class='ocrx_word' id='word_1_24' title='bbox 749 644 897 708; x_wconf 78' lang='lat' dir='ltr'><strong>satis</strong></span> <span class='ocrx_word' id='word_1_25' title='bbox 935 644 1274 727; x_wconf 84' lang='lat' dir='ltr'><strong>expeditum</strong></span> <span class='ocrx_word' id='word_1_26' title='bbox 1304 665 1440 710; x_wconf 82' lang='lat' dir='ltr'><strong>esse</strong></span> <span class='ocrx_word' id='word_1_27' title='bbox 1476 654 1774 723; x_wconf 62' lang='lat' dir='ltr'><strong>autuman</strong></span> <span class='ocrx_word' id='word_1_28' title='bbox 1810 645 2063 711; x_wconf 81' lang='lat' dir='ltr'><strong>Bothius</strong></span> <span class='ocrx_word' id='word_1_29' title='bbox 2104 656 2302 713; x_wconf 85' lang='lat' dir='ltr'><strong>autem</strong></span> <span class='ocrx_word' id='word_1_30' title='bbox 2326 647 2634 714; x_wconf 77' lang='lat' dir='ltr'><strong>etiam-di-</strong></span> 
     </span>
     <span class='ocr_line' id='line_1_6' title="bbox 275 748 2633 837; baseline 0.003 -24"><span class='ocrx_word' id='word_1_31' title='bbox 275 749 497 813; x_wconf 73' lang='lat' dir='ltr'><strong>sei-tius</strong></span> <span class='ocrx_word' id='word_1_32' title='bbox 528 748 723 826; x_wconf 83' lang='lat' dir='ltr'><strong>„nihil</strong></span> <span class='ocrx_word' id='word_1_33' title='bbox 752 748 1066 823; x_wconf 85' lang='lat' dir='ltr'><strong>omnino“‚</strong></span> <span class='ocrx_word' id='word_1_34' title='bbox 1093 750 1315 834; x_wconf 80' lang='lat' dir='ltr'><strong>inquit,</strong></span> <span class='ocrx_word' id='word_1_35' title='bbox 1347 751 1496 828; x_wconf 86' lang='lat' dir='ltr'><strong>„hic</strong></span> <span class='ocrx_word' id='word_1_36' title='bbox 1521 750 1875 815; x_wconf 86' lang='lat' dir='ltr'><strong>mutandum</strong></span> <span class='ocrx_word' id='word_1_37' title='bbox 1904 759 2027 827; x_wconf 86' lang='lat' dir='ltr'><strong>est,</strong></span> <span class='ocrx_word' id='word_1_38' title='bbox 2061 752 2247 816; x_wconf 89' lang='lat' dir='ltr'><strong>modo</strong></span> <span class='ocrx_word' id='word_1_39' title='bbox 2276 771 2357 818; x_wconf 88' lang='lat' dir='ltr'><strong>ne</strong></span> <span class='ocrx_word' id='word_1_40' title='bbox 2379 771 2633 837; x_wconf 79' lang='lat' dir='ltr'><strong>quaeras</strong></span> 
     </span>
     <span class='ocr_line' id='line_1_7' title="bbox 276 848 2634 942; baseline 0.003 -26"><span class='ocrx_word' id='word_1_41' title='bbox 276 853 728 937; x_wconf 85' lang='lat' dir='ltr'><strong>oppositionem</strong></span> <span class='ocrx_word' id='word_1_42' title='bbox 759 853 1076 917; x_wconf 82' lang='lat' dir='ltr'><strong>verborum</strong></span> <span class='ocrx_word' id='word_1_43' title='bbox 1103 848 1377 933; x_wconf 74' lang='grc' dir='ltr'><strong><em>τούτοις</em></strong></span> <span class='ocrx_word' id='word_1_44' title='bbox 1416 890 1502 902; x_wconf 94' lang='grc'><strong>-</strong></span> <span class='ocrx_word' id='word_1_45' title='bbox 1543 849 1668 937; x_wconf 69' lang='grc' dir='ltr'><strong>ἐμέ</strong></span> <span class='ocrx_word' id='word_1_46' title='bbox 1711 864 1773 918; x_wconf 88' lang='lat' dir='ltr'><strong>et</strong></span> <span class='ocrx_word' id='word_1_47' title='bbox 1813 855 2188 938; x_wconf 87' lang='lat' dir='ltr'><strong>sequentium</strong></span> <span class='ocrx_word' id='word_1_48' title='bbox 2230 849 2634 942; x_wconf 74' lang='grc' dir='ltr'><strong><em>λόγοις-πί-</em></strong></span> 
     </span>
     <span class='ocr_line' id='line_1_8' title="bbox 274 953 2635 1048; baseline 0.002 -27"><span class='ocrx_word' id='word_1_49' title='bbox 274 956 468 1036; x_wconf 72' lang='grc' dir='ltr'><strong><em>θοιο,</em></strong></span> <span class='ocrx_word' id='word_1_50' title='bbox 515 976 668 1040; x_wconf 86' lang='lat' dir='ltr'><strong>quae</strong></span> <span class='ocrx_word' id='word_1_51' title='bbox 696 957 843 1022; x_wconf 88' lang='lat' dir='ltr'><strong>nihil</strong></span> <span class='ocrx_word' id='word_1_52' title='bbox 870 956 1026 1021; x_wconf 78' lang='lat' dir='ltr'><strong>aliud</strong></span> <span class='ocrx_word' id='word_1_53' title='bbox 1059 967 1201 1020; x_wconf 85' lang='lat' dir='ltr'><strong>sunt</strong></span> <span class='ocrx_word' id='word_1_54' title='bbox 1230 977 1411 1040; x_wconf 77' lang='lat' dir='ltr'><strong>quam</strong></span> <span class='ocrx_word' id='word_1_55' title='bbox 1441 953 1878 1048; x_wconf 76' lang='grc' dir='ltr'><strong><em>ἔπεξήγησις,</em></strong></span> <span class='ocrx_word' id='word_1_56' title='bbox 1922 958 2216 1024; x_wconf 79' lang='lat' dir='ltr'><strong>affirmato</strong></span> <span class='ocrx_word' id='word_1_57' title='bbox 2264 961 2492 1045; x_wconf 78' lang='lat' dir='ltr'><strong>quippe</strong></span> <span class='ocrx_word' id='word_1_58' title='bbox 2538 982 2635 1045; x_wconf 67' lang='lat' dir='ltr'><strong>eo,</strong></span> 
     </span>
     <span class='ocr_line' id='line_1_9' title="bbox 276 1061 2636 1147; baseline 0.003 -23"><span class='ocrx_word' id='word_1_59' title='bbox 276 1061 452 1125; x_wconf 83' lang='lat' dir='ltr'><strong>cuius</strong></span> <span class='ocrx_word' id='word_1_60' title='bbox 497 1062 862 1126; x_wconf 84' lang='lat' dir='ltr'><strong>contrarium</strong></span> <span class='ocrx_word' id='word_1_61' title='bbox 890 1061 1092 1125; x_wconf 75' lang='lat' dir='ltr'><strong>Medea</strong></span> <span class='ocrx_word' id='word_1_62' title='bbox 1130 1063 1367 1143; x_wconf 76' lang='lat' dir='ltr'><strong>negavit</strong></span> <span class='ocrx_word' id='word_1_63' title='bbox 1407 1063 1468 1125; x_wconf 88' lang='lat' dir='ltr'><strong>in</strong></span> <span class='ocrx_word' id='word_1_64' title='bbox 1509 1063 1906 1146; x_wconf 60' lang='lat' dir='ltr'><strong>praem-essia,</strong></span> <span class='ocrx_word' id='word_1_65' title='bbox 1952 1083 2068 1146; x_wconf 88' lang='lat' dir='ltr'><strong>qua</strong></span> <span class='ocrx_word' id='word_1_66' title='bbox 2106 1063 2293 1147; x_wconf 75' lang='lat' dir='ltr'><strong>figura</strong></span> <span class='ocrx_word' id='word_1_67' title='bbox 2324 1065 2481 1128; x_wconf 84' lang='lat' dir='ltr'><strong>nibil</strong></span> <span class='ocrx_word' id='word_1_68' title='bbox 2506 1067 2636 1131; x_wconf 83' lang='lat' dir='ltr'><strong>usi·</strong></span> 
     </span>
    </p>
   </div>
   <div class='ocr_carea' id='block_1_4' title="bbox 275 1165 2730 1248">
    <p class='ocr_par' dir='ltr' id='par_1_4' title="bbox 275 1165 2730 1248">
     <span class='ocr_line' id='line_1_10' title="bbox 275 1165 2730 1248; baseline 0.005 -20"><span class='ocrx_word' id='word_1_69' title='bbox 275 1165 462 1229; x_wconf 80' lang='lat' dir='ltr'><strong>tatius</strong></span> <span class='ocrx_word' id='word_1_70' title='bbox 492 1167 554 1229; x_wconf 88' lang='lat' dir='ltr'><strong>in</strong></span> <span class='ocrx_word' id='word_1_71' title='bbox 585 1165 765 1228; x_wconf 80' lang='lat' dir='ltr'><strong>rebus</strong></span> <span class='ocrx_word' id='word_1_72' title='bbox 794 1184 947 1248; x_wconf 86' lang='lat' dir='ltr'><strong>quae</strong></span> <span class='ocrx_word' id='word_1_73' title='bbox 975 1174 1182 1230; x_wconf 85' lang='lat' dir='ltr'><strong>nostra</strong></span> <span class='ocrx_word' id='word_1_74' title='bbox 1223 1165 1469 1230; x_wconf 86' lang='lat' dir='ltr'><strong>interest</strong></span> <span class='ocrx_word' id='word_1_75' title='bbox 1499 1176 1567 1230; x_wconf 89' lang='lat' dir='ltr'><strong>ut</strong></span> <span class='ocrx_word' id='word_1_76' title='bbox 1593 1177 1751 1232; x_wconf 86' lang='lat' dir='ltr'><strong>recte</strong></span> <span class='ocrx_word' id='word_1_77' title='bbox 1768 1168 2209 1233; x_wconf 74' lang='lat' dir='ltr'><strong>constituantur</strong></span> <span class='ocrx_word' id='word_1_78' title='bbox 2236 1167 2637 1235; x_wconf 79' lang='lat' dir='ltr'><strong>stabiliantur·</strong></span> <span class='ocrx_word' id='word_1_79' title='bbox 2642 1200 2645 1203; x_wconf 95' lang='lat'>·</span> <span class='ocrx_word' id='word_1_80' title='bbox 2684 1236 2689 1242; x_wconf 83' lang='lat'><strong>.</strong></span> <span class='ocrx_word' id='word_1_81' title='bbox 2725 1190 2730 1195; x_wconf 87' lang='grc'><em>·</em></span> 
     </span>
    </p>
   </div>
   <div class='ocr_carea' id='block_1_5' title="bbox 209 1269 2728 4390">
    <p class='ocr_par' dir='ltr' id='par_1_5' title="bbox 209 1269 2728 4390">
     <span class='ocr_line' id='line_1_11' title="bbox 274 1269 2635 1355; baseline 0.003 -23"><span class='ocrx_word' id='word_1_82' title='bbox 274 1275 455 1352; x_wconf 84' lang='lat' dir='ltr'><strong>que.“</strong></span> <span class='ocrx_word' id='word_1_83' title='bbox 544 1269 653 1333; x_wconf 82' lang='lat' dir='ltr'><strong>His</strong></span> <span class='ocrx_word' id='word_1_84' title='bbox 692 1270 888 1352; x_wconf 83' lang='lat' dir='ltr'><strong>itaque</strong></span> <span class='ocrx_word' id='word_1_85' title='bbox 923 1269 1252 1334; x_wconf 83' lang='lat' dir='ltr'><strong>duumviris</strong></span> <span class='ocrx_word' id='word_1_86' title='bbox 1283 1271 1334 1333; x_wconf 89' lang='lat' dir='ltr'><strong>si</strong></span> <span class='ocrx_word' id='word_1_87' title='bbox 1367 1270 1746 1336; x_wconf 82' lang='lat' dir='ltr'><strong>scholiastam</strong></span> <span class='ocrx_word' id='word_1_88' title='bbox 1783 1274 2021 1337; x_wconf 86' lang='lat' dir='ltr'><strong>tertium</strong></span> <span class='ocrx_word' id='word_1_89' title='bbox 2051 1272 2366 1355; x_wconf 75' lang='lat' dir='ltr'><strong>adiungas,</strong></span> <span class='ocrx_word' id='word_1_90' title='bbox 2400 1273 2635 1338; x_wconf 83' lang='lat' dir='ltr'><strong>nullum</strong></span> 
     </span>
     <span class='ocr_line' id='line_1_12' title="bbox 274 1373 2634 1463; baseline 0.003 -26"><span class='ocrx_word' id='word_1_91' title='bbox 274 1374 344 1437; x_wconf 86' lang='lat' dir='ltr'><strong>in</strong></span> <span class='ocrx_word' id='word_1_92' title='bbox 384 1373 512 1437; x_wconf 78' lang='lat' dir='ltr'><strong>eius</strong></span> <span class='ocrx_word' id='word_1_93' title='bbox 551 1373 1040 1457; x_wconf 73' lang='lat' dir='ltr'><strong>interpretatione</strong></span> <span class='ocrx_word' id='word_1_94' title='bbox 1088 1373 1369 1438; x_wconf 85' lang='lat' dir='ltr'><strong>indicium</strong></span> <span class='ocrx_word' id='word_1_95' title='bbox 1414 1375 1615 1439; x_wconf 85' lang='lat' dir='ltr'><strong>inesse</strong></span> <span class='ocrx_word' id='word_1_96' title='bbox 1654 1376 1876 1441; x_wconf 78' lang='lat' dir='ltr'><strong>videbis</strong></span> <span class='ocrx_word' id='word_1_97' title='bbox 1917 1376 2191 1441; x_wconf 84' lang='lat' dir='ltr'><strong>lectionis</strong></span> <span class='ocrx_word' id='word_1_98' title='bbox 2241 1376 2317 1442; x_wconf 85' lang='lat' dir='ltr'><strong>ab</strong></span> <span class='ocrx_word' id='word_1_99' title='bbox 2356 1396 2425 1463; x_wconf 79' lang='lat' dir='ltr'><strong>ea</strong></span> <span class='ocrx_word' id='word_1_100' title='bbox 2448 1380 2634 1461; x_wconf 61' lang='lat' dir='ltr'><strong>quam</strong></span> 
     </span>
     <span class='ocr_line' id='line_1_13' title="bbox 277 1477 2636 1571; baseline 0.002 -29"><span class='ocrx_word' id='word_1_101' title='bbox 277 1477 516 1542; x_wconf 84' lang='lat' dir='ltr'><strong>codices</strong></span> <span class='ocrx_word' id='word_1_102' title='bbox 559 1479 818 1543; x_wconf 82' lang='lat' dir='ltr'><strong>offerunt</strong></span> <span class='ocrx_word' id='word_1_103' title='bbox 855 1478 1140 1543; x_wconf 86' lang='lat' dir='ltr'><strong>diversae.</strong></span> <span class='ocrx_word' id='word_1_104' title='bbox 1177 1478 1332 1543; x_wconf 86' lang='lat' dir='ltr'><strong>Non</strong></span> <span class='ocrx_word' id='word_1_105' title='bbox 1375 1479 1565 1562; x_wconf 80' lang='lat' dir='ltr'><strong>magis</strong></span> <span class='ocrx_word' id='word_1_106' title='bbox 1604 1490 1800 1544; x_wconf 87' lang='lat' dir='ltr'><strong>autem</strong></span> <span class='ocrx_word' id='word_1_107' title='bbox 1843 1480 1983 1544; x_wconf 87' lang='lat' dir='ltr'><strong>illud</strong></span> <span class='ocrx_word' id='word_1_108' title='bbox 2027 1480 2259 1565; x_wconf 88' lang='lat' dir='ltr'><strong>probo,</strong></span> <span class='ocrx_word' id='word_1_109' title='bbox 2290 1456 2636 1571; x_wconf 72' lang='lat' dir='ltr'><strong>quod-Her-</strong></span> 
     </span>
     <span class='ocr_line' id='line_1_14' title="bbox 275 1572 2638 1672; baseline 0.002 -26"><span class='ocrx_word' id='word_1_110' title='bbox 275 1599 541 1647; x_wconf 85' lang='lat' dir='ltr'><strong>mannus</strong></span> <span class='ocrx_word' id='word_1_111' title='bbox 570 1602 606 1646; x_wconf 90' lang='lat' dir='ltr'><strong>e</strong></span> <span class='ocrx_word' id='word_1_112' title='bbox 643 1582 996 1646; x_wconf 74' lang='lat' dir='ltr'><strong>scholiastae</strong></span> <span class='ocrx_word' id='word_1_113' title='bbox 1037 1582 1228 1647; x_wconf 86' lang='lat' dir='ltr'><strong>verbis</strong></span> <span class='ocrx_word' id='word_1_114' title='bbox 1266 1577 1383 1647; x_wconf 81' lang='grc' dir='ltr'><strong>καὶ</strong></span> <span class='ocrx_word' id='word_1_115' title='bbox 1424 1573 1542 1648; x_wconf 76' lang='grc' dir='ltr'><strong>οὐκ</strong></span> <span class='ocrx_word' id='word_1_116' title='bbox 1584 1572 1671 1648; x_wconf 70' lang='grc' dir='ltr'><strong>ἃν</strong></span> <span class='ocrx_word' id='word_1_117' title='bbox 1711 1580 1830 1672; x_wconf 76' lang='grc' dir='ltr'><strong>τήν</strong></span> <span class='ocrx_word' id='word_1_118' title='bbox 1871 1577 2141 1649; x_wconf 75' lang='grc' dir='ltr'><strong><em>ἐκείνων</em></strong></span> <span class='ocrx_word' id='word_1_119' title='bbox 2180 1577 2423 1672; x_wconf 74' lang='grc' dir='ltr'><strong><em>φιλίαν</em></strong></span> <span class='ocrx_word' id='word_1_120' title='bbox 2440 1604 2638 1672; x_wconf 75' lang='grc' dir='ltr'><strong><em>προ-</em></strong></span> 
     </span>
     <span class='ocr_line' id='line_1_15' title="bbox 276 1676 2634 1777; baseline 0.002 -27"><span class='ocrx_word' id='word_1_121' title='bbox 276 1678 557 1773; x_wconf 78' lang='grc' dir='ltr'><strong><em>κρίναις,</em></strong></span> <span class='ocrx_word' id='word_1_122' title='bbox 605 1705 742 1762; x_wconf 80' lang='lat' dir='ltr'><strong>eum</strong></span> <span class='ocrx_word' id='word_1_123' title='bbox 788 1705 915 1750; x_wconf 88' lang='lat' dir='ltr'><strong>non</strong></span> <span class='ocrx_word' id='word_1_124' title='bbox 963 1677 1083 1752; x_wconf 71' lang='grc' dir='ltr'><strong>οὐκ</strong></span> <span class='ocrx_word' id='word_1_125' title='bbox 1129 1677 1211 1751; x_wconf 73' lang='grc' dir='ltr'><strong>ἃν</strong></span> <span class='ocrx_word' id='word_1_126' title='bbox 1256 1679 1535 1767; x_wconf 75' lang='grc' dir='ltr'><strong><em>πίθοιο,</em></strong></span> <span class='ocrx_word' id='word_1_127' title='bbox 1569 1689 1673 1752; x_wconf 86' lang='lat' dir='ltr'><strong>sed</strong></span> <span class='ocrx_word' id='word_1_128' title='bbox 1706 1678 1828 1754; x_wconf 69' lang='grc' dir='ltr'><strong>οὐκ</strong></span> <span class='ocrx_word' id='word_1_129' title='bbox 1874 1676 1958 1752; x_wconf 65' lang='grc' dir='ltr'><strong>ἂν</strong></span> <span class='ocrx_word' id='word_1_130' title='bbox 1997 1688 2305 1777; x_wconf 76' lang='grc' dir='ltr'><strong><em>προθεῖο,</em></strong></span> <span class='ocrx_word' id='word_1_131' title='bbox 2344 1690 2634 1773; x_wconf 79' lang='lat' dir='ltr'><strong>scriptum</strong></span> 
     </span>
     <span class='ocr_line' id='line_1_16' title="bbox 274 1785 2638 1882; baseline 0.003 -29"><span class='ocrx_word' id='word_1_132' title='bbox 274 1791 576 1855; x_wconf 80' lang='lat' dir='ltr'><strong>invenisse</strong></span> <span class='ocrx_word' id='word_1_133' title='bbox 603 1790 921 1856; x_wconf 81' lang='lat' dir='ltr'><strong>concludit.</strong></span> <span class='ocrx_word' id='word_1_134' title='bbox 1012 1790 1164 1854; x_wconf 86' lang='lat' dir='ltr'><strong>Nam</strong></span> <span class='ocrx_word' id='word_1_135' title='bbox 1204 1790 1254 1854; x_wconf 91' lang='lat' dir='ltr'><strong>si</strong></span> <span class='ocrx_word' id='word_1_136' title='bbox 1289 1791 1365 1854; x_wconf 90' lang='lat' dir='ltr'><strong>ita</strong></span> <span class='ocrx_word' id='word_1_137' title='bbox 1407 1792 1674 1874; x_wconf 73' lang='lat' dir='ltr'><strong>legisset,</strong></span> <span class='ocrx_word' id='word_1_138' title='bbox 1705 1810 1831 1857; x_wconf 89' lang='lat' dir='ltr'><strong>non</strong></span> <span class='ocrx_word' id='word_1_139' title='bbox 1869 1793 2167 1877; x_wconf 77' lang='lat' dir='ltr'><strong>potuisset</strong></span> <span class='ocrx_word' id='word_1_140' title='bbox 2186 1785 2638 1882; x_wconf 66' lang='grc' dir='ltr'><strong>ἐπικηρυκεύ-</strong></span> 
     </span>
     <span class='ocr_line' id='line_1_17' title="bbox 271 1887 2633 1985; baseline 0.002 -27"><span class='ocrx_word' id='word_1_141' title='bbox 271 1914 462 1977; x_wconf 78' lang='grc' dir='ltr'><strong><em>ματα</em></strong></span> <span class='ocrx_word' id='word_1_142' title='bbox 503 1914 618 1978; x_wconf 88' lang='lat' dir='ltr'><strong>pro</strong></span> <span class='ocrx_word' id='word_1_143' title='bbox 663 1889 1259 1982; x_wconf 72' lang='grc' dir='ltr'><strong><em>ἐπικηρυκεύμασι,</em></strong></span> <span class='ocrx_word' id='word_1_144' title='bbox 1303 1887 1584 1961; x_wconf 70' lang='grc' dir='ltr'><strong><em>εὐθεῖαν</em></strong></span> <span class='ocrx_word' id='word_1_145' title='bbox 1627 1897 1876 1977; x_wconf 81' lang='lat' dir='ltr'><strong>(voluit,</strong></span> <span class='ocrx_word' id='word_1_146' title='bbox 1919 1899 2169 1981; x_wconf 82' lang='lat' dir='ltr'><strong>opinor,</strong></span> <span class='ocrx_word' id='word_1_147' title='bbox 2196 1888 2633 1985; x_wconf 67' lang='grc' dir='ltr'><strong>,αἶτιατικήνὶ</strong></span> 
     </span>
     <span class='ocr_line' id='line_1_18' title="bbox 276 1989 2634 2085; baseline 0.002 -20"><span class='ocrx_word' id='word_1_148' title='bbox 276 1989 429 2065; x_wconf 69' lang='grc' dir='ltr'><strong>ἀντὶ</strong></span> <span class='ocrx_word' id='word_1_149' title='bbox 477 1996 747 2085; x_wconf 81' lang='grc' dir='ltr'><strong><em>δοτικῆς</em></strong></span> <span class='ocrx_word' id='word_1_150' title='bbox 787 2000 1047 2083; x_wconf 80' lang='lat' dir='ltr'><strong>positam</strong></span> <span class='ocrx_word' id='word_1_151' title='bbox 1102 1999 1324 2076; x_wconf 86' lang='lat' dir='ltr'><strong>dicere,</strong></span> <span class='ocrx_word' id='word_1_152' title='bbox 1378 2018 1573 2083; x_wconf 87' lang='lat' dir='ltr'><strong>neque</strong></span> <span class='ocrx_word' id='word_1_153' title='bbox 1622 2002 2021 2066; x_wconf 77' lang='lat' dir='ltr'><strong>accusativum</strong></span> <span class='ocrx_word' id='word_1_154' title='bbox 2073 2020 2184 2084; x_wconf 90' lang='lat' dir='ltr'><strong>per</strong></span> <span class='ocrx_word' id='word_1_155' title='bbox 2231 2000 2634 2072; x_wconf 70' lang='lat' dir='ltr'><strong>omissionem</strong></span> 
     </span>
     <span class='ocr_line' id='line_1_19' title="bbox 273 2098 2678 2189; baseline 0 -21"><span class='ocrx_word' id='word_1_156' title='bbox 273 2103 744 2188; x_wconf 82' lang='lat' dir='ltr'><strong>praepositionis</strong></span> <span class='ocrx_word' id='word_1_157' title='bbox 777 2098 898 2169; x_wconf 78' lang='grc' dir='ltr'><strong>διά</strong></span> <span class='ocrx_word' id='word_1_158' title='bbox 923 2104 1230 2187; x_wconf 81' lang='lat' dir='ltr'><strong>explicare.</strong></span> <span class='ocrx_word' id='word_1_159' title='bbox 1291 2104 1553 2187; x_wconf 85' lang='lat' dir='ltr'><strong>Utraque</strong></span> <span class='ocrx_word' id='word_1_160' title='bbox 1581 2105 1740 2168; x_wconf 84' lang='lat' dir='ltr'><strong>enim</strong></span> <span class='ocrx_word' id='word_1_161' title='bbox 1765 2105 2076 2187; x_wconf 83' lang='lat' dir='ltr'><strong>explicatio</strong></span> <span class='ocrx_word' id='word_1_162' title='bbox 2102 2105 2362 2169; x_wconf 78' lang='lat' dir='ltr'><strong>ostendit</strong></span> <span class='ocrx_word' id='word_1_163' title='bbox 2382 2103 2636 2169; x_wconf 84' lang='lat' dir='ltr'><strong>-verbum</strong></span> <span class='ocrx_word' id='word_1_164' title='bbox 2667 2178 2678 2189; x_wconf 43' lang='lat'><strong>·</strong></span> 
     </span>
     <span class='ocr_line' id='line_1_20' title="bbox 274 2208 2636 2292; baseline 0 -19"><span class='ocrx_word' id='word_1_165' title='bbox 274 2210 351 2273; x_wconf 84' lang='lat' dir='ltr'><strong>ab</strong></span> <span class='ocrx_word' id='word_1_166' title='bbox 380 2228 452 2272; x_wconf 90' lang='lat' dir='ltr'><strong>eo</strong></span> <span class='ocrx_word' id='word_1_167' title='bbox 493 2208 709 2272; x_wconf 88' lang='lat' dir='ltr'><strong>lectum</strong></span> <span class='ocrx_word' id='word_1_168' title='bbox 750 2227 887 2272; x_wconf 84' lang='lat' dir='ltr'><strong>esse</strong></span> <span class='ocrx_word' id='word_1_169' title='bbox 919 2208 1244 2284; x_wconf 87' lang='lat' dir='ltr'><strong>eiusmodi,</strong></span> <span class='ocrx_word' id='word_1_170' title='bbox 1283 2211 1378 2272; x_wconf 87' lang='lat' dir='ltr'><strong>cui</strong></span> <span class='ocrx_word' id='word_1_171' title='bbox 1415 2210 1786 2273; x_wconf 82' lang='lat' dir='ltr'><strong>accusativus</strong></span> <span class='ocrx_word' id='word_1_172' title='bbox 1824 2227 1953 2273; x_wconf 88' lang='lat' dir='ltr'><strong>non</strong></span> <span class='ocrx_word' id='word_1_173' title='bbox 1988 2218 2150 2272; x_wconf 89' lang='lat' dir='ltr'><strong>recte</strong></span> <span class='ocrx_word' id='word_1_174' title='bbox 2200 2208 2636 2292; x_wconf 77' lang='lat' dir='ltr'><strong>adiungeretur,</strong></span> 
     </span>
     <span class='ocr_line' id='line_1_21' title="bbox 243 2302 2677 2400; baseline -0.001 -22"><span class='ocrx_word' id='word_1_175' title='bbox 243 2302 250 2308; x_wconf 60' lang='grc'><em>’</em></span> <span class='ocrx_word' id='word_1_176' title='bbox 275 2313 449 2398; x_wconf 85' lang='lat' dir='ltr'><strong>quale</strong></span> <span class='ocrx_word' id='word_1_177' title='bbox 477 2312 723 2389; x_wconf 83' lang='lat' dir='ltr'><strong>verbum</strong></span> <span class='ocrx_word' id='word_1_178' title='bbox 755 2330 880 2376; x_wconf 90' lang='lat' dir='ltr'><strong>non</strong></span> <span class='ocrx_word' id='word_1_179' title='bbox 911 2312 1209 2400; x_wconf 74' lang='grc' dir='ltr'><strong><em>προθεῒο</em></strong></span> <span class='ocrx_word' id='word_1_180' title='bbox 1246 2314 1349 2377; x_wconf 83' lang='lat' dir='ltr'><strong>sed</strong></span> <span class='ocrx_word' id='word_1_181' title='bbox 1395 2305 1653 2377; x_wconf 74' lang='grc' dir='ltr'><strong><em>πίθοιο</em></strong></span> <span class='ocrx_word' id='word_1_182' title='bbox 1681 2321 1792 2376; x_wconf 87' lang='lat' dir='ltr'><strong>est.</strong></span> <span class='ocrx_word' id='word_1_183' title='bbox 1852 2313 1982 2377; x_wconf 87' lang='lat' dir='ltr'><strong>Hoc</strong></span> <span class='ocrx_word' id='word_1_184' title='bbox 2003 2331 2191 2377; x_wconf 86' lang='lat' dir='ltr'><strong>unum</strong></span> <span class='ocrx_word' id='word_1_185' title='bbox 2211 2313 2393 2396; x_wconf 82' lang='lat' dir='ltr'><strong>igitur</strong></span> <span class='ocrx_word' id='word_1_186' title='bbox 2419 2311 2635 2396; x_wconf 79' lang='lat' dir='ltr'><strong>ambigi</strong></span> <span class='ocrx_word' id='word_1_187' title='bbox 2672 2370 2677 2375; x_wconf 87' lang='lat'><strong>.</strong></span> 
     </span>
     <span class='ocr_line' id='line_1_22' title="bbox 276 2416 2682 2503; baseline -0.002 -18"><span class='ocrx_word' id='word_1_188' title='bbox 276 2418 528 2503; x_wconf 87' lang='lat' dir='ltr'><strong>poterit,</strong></span> <span class='ocrx_word' id='word_1_189' title='bbox 568 2425 772 2484; x_wconf 85' lang='lat' dir='ltr'><strong>utrum</strong></span> <span class='ocrx_word' id='word_1_190' title='bbox 813 2417 975 2503; x_wconf 89' lang='lat' dir='ltr'><strong>quod</strong></span> <span class='ocrx_word' id='word_1_191' title='bbox 1006 2416 1102 2482; x_wconf 88' lang='lat' dir='ltr'><strong>ille</strong></span> <span class='ocrx_word' id='word_1_192' title='bbox 1129 2417 1268 2499; x_wconf 70' lang='lat' dir='ltr'><strong>legit</strong></span> <span class='ocrx_word' id='word_1_193' title='bbox 1296 2418 1370 2483; x_wconf 87' lang='lat' dir='ltr'><strong>ab</strong></span> <span class='ocrx_word' id='word_1_194' title='bbox 1401 2416 1685 2500; x_wconf 82' lang='lat' dir='ltr'><strong>Euripide</strong></span> <span class='ocrx_word' id='word_1_195' title='bbox 1714 2419 2002 2501; x_wconf 82' lang='lat' dir='ltr'><strong>scriptum</strong></span> <span class='ocrx_word' id='word_1_196' title='bbox 2032 2436 2110 2482; x_wconf 88' lang='lat' dir='ltr'><strong>an</strong></span> <span class='ocrx_word' id='word_1_197' title='bbox 2140 2418 2406 2483; x_wconf 82' lang='lat' dir='ltr'><strong>vitiatum</strong></span> <span class='ocrx_word' id='word_1_198' title='bbox 2432 2417 2633 2482; x_wconf 68' lang='lat' dir='ltr'><strong>:iuer-it.</strong></span> <span class='ocrx_word' id='word_1_199' title='bbox 2674 2472 2682 2481; x_wconf 93' lang='lat'><strong>.</strong></span> 
     </span>
     <span class='ocr_line' id='line_1_23' title="bbox 275 2516 2639 2610; baseline -0.001 -22"><span class='ocrx_word' id='word_1_200' title='bbox 275 2526 470 2609; x_wconf 81' lang='lat' dir='ltr'><strong>Atque</strong></span> <span class='ocrx_word' id='word_1_201' title='bbox 500 2519 857 2589; x_wconf 71' lang='grc' dir='ltr'><strong><em>πιθέσθαι</em></strong></span> <span class='ocrx_word' id='word_1_202' title='bbox 903 2516 1489 2610; x_wconf 78' lang='grc' dir='ltr'><strong><em>ἐπικηρυκεύματα</em></strong></span> <span class='ocrx_word' id='word_1_203' title='bbox 1531 2539 1661 2586; x_wconf 90' lang='lat' dir='ltr'><strong>non</strong></span> <span class='ocrx_word' id='word_1_204' title='bbox 1701 2522 1920 2605; x_wconf 85' lang='lat' dir='ltr'><strong>opinor</strong></span> <span class='ocrx_word' id='word_1_205' title='bbox 1946 2522 2129 2587; x_wconf 85' lang='lat' dir='ltr'><strong>scribi</strong></span> <span class='ocrx_word' id='word_1_206' title='bbox 2158 2522 2462 2605; x_wconf 82' lang='lat' dir='ltr'><strong>potuisse,</strong></span> <span class='ocrx_word' id='word_1_207' title='bbox 2500 2520 2639 2586; x_wconf 82' lang='lat' dir='ltr'><strong>lieet</strong></span> 
     </span>
     <span class='ocr_line' id='line_1_24' title="bbox 277 2619 2638 2716; baseline -0.002 -23"><span class='ocrx_word' id='word_1_208' title='bbox 277 2623 531 2708; x_wconf 78' lang='grc' dir='ltr'><strong><em>πάντα,</em></strong></span> <span class='ocrx_word' id='word_1_209' title='bbox 575 2623 816 2706; x_wconf 76' lang='grc' dir='ltr'><strong><em>ταῦτα,</em></strong></span> <span class='ocrx_word' id='word_1_210' title='bbox 863 2622 1086 2692; x_wconf 73' lang='grc' dir='ltr'><strong><em>πολλὰ</em></strong></span> <span class='ocrx_word' id='word_1_211' title='bbox 1118 2619 1478 2716; x_wconf 72' lang='grc' dir='ltr'><strong><em>πιθέσθαι</em></strong></span> <span class='ocrx_word' id='word_1_212' title='bbox 1524 2636 1688 2690; x_wconf 85' lang='lat' dir='ltr'><strong>recte</strong></span> <span class='ocrx_word' id='word_1_213' title='bbox 1726 2626 1985 2691; x_wconf 86' lang='lat' dir='ltr'><strong>dicatur:</strong></span> <span class='ocrx_word' id='word_1_214' title='bbox 2014 2635 2199 2691; x_wconf 86' lang='lat' dir='ltr'><strong>restat</strong></span> <span class='ocrx_word' id='word_1_215' title='bbox 2228 2626 2409 2709; x_wconf 83' lang='lat' dir='ltr'><strong>igitur</strong></span> <span class='ocrx_word' id='word_1_216' title='bbox 2441 2634 2510 2689; x_wconf 87' lang='lat' dir='ltr'><strong>ut</strong></span> <span class='ocrx_word' id='word_1_217' title='bbox 2535 2633 2638 2689; x_wconf 87' lang='lat' dir='ltr'><strong>aut</strong></span> 
     </span>
     <span class='ocr_line' id='line_1_25' title="bbox 273 2722 2638 2820; baseline -0.002 -21"><span class='ocrx_word' id='word_1_218' title='bbox 273 2726 865 2820; x_wconf 76' lang='grc' dir='ltr'><strong><em>ἐπικηρυκεύματα</em></strong></span> <span class='ocrx_word' id='word_1_219' title='bbox 910 2741 1013 2796; x_wconf 86' lang='lat' dir='ltr'><strong>aut</strong></span> <span class='ocrx_word' id='word_1_220' title='bbox 1056 2722 1315 2795; x_wconf 72' lang='grc' dir='ltr'><strong><em>πίθοιο</em></strong></span> <span class='ocrx_word' id='word_1_221' title='bbox 1360 2730 1627 2796; x_wconf 83' lang='lat' dir='ltr'><strong>vitiatum</strong></span> <span class='ocrx_word' id='word_1_222' title='bbox 1659 2732 1764 2795; x_wconf 87' lang='lat' dir='ltr'><strong>sit:</strong></span> <span class='ocrx_word' id='word_1_223' title='bbox 1797 2731 1848 2794; x_wconf 83' lang='lat' dir='ltr'><strong>si</strong></span> <span class='ocrx_word' id='word_1_224' title='bbox 1879 2722 2161 2811; x_wconf 75' lang='grc' dir='ltr'><strong><em>πίθοιο,</em></strong></span> <span class='ocrx_word' id='word_1_225' title='bbox 2192 2732 2394 2815; x_wconf 83' lang='lat' dir='ltr'><strong>potuit</strong></span> <span class='ocrx_word' id='word_1_226' title='bbox 2417 2730 2539 2795; x_wconf 88' lang='lat' dir='ltr'><strong>hoc</strong></span> <span class='ocrx_word' id='word_1_227' title='bbox 2564 2751 2638 2795; x_wconf 83' lang='lat' dir='ltr'><strong>ex</strong></span> 
     </span>
     <span class='ocr_line' id='line_1_26' title="bbox 274 2831 2638 2926; baseline -0.002 -25"><span class='ocrx_word' id='word_1_228' title='bbox 274 2831 492 2904; x_wconf 70' lang='grc' dir='ltr'><strong><em>πίθοι</em></strong></span> <span class='ocrx_word' id='word_1_229' title='bbox 539 2855 616 2902; x_wconf 80' lang='grc' dir='ltr'><strong>σε</strong></span> <span class='ocrx_word' id='word_1_230' title='bbox 659 2846 953 2901; x_wconf 84' lang='lat' dir='ltr'><strong>mutatum</strong></span> <span class='ocrx_word' id='word_1_231' title='bbox 999 2854 1135 2899; x_wconf 82' lang='lat' dir='ltr'><strong>esse</strong></span> <span class='ocrx_word' id='word_1_232' title='bbox 1175 2855 1247 2898; x_wconf 92' lang='lat' dir='ltr'><strong>eo</strong></span> <span class='ocrx_word' id='word_1_233' title='bbox 1290 2836 1548 2899; x_wconf 81' lang='lat' dir='ltr'><strong>fortasse</strong></span> <span class='ocrx_word' id='word_1_234' title='bbox 1586 2835 1846 2908; x_wconf 79' lang='lat' dir='ltr'><strong>facilius,</strong></span> <span class='ocrx_word' id='word_1_235' title='bbox 1890 2854 2011 2919; x_wconf 91' lang='lat' dir='ltr'><strong>quo</strong></span> <span class='ocrx_word' id='word_1_236' title='bbox 2049 2835 2246 2900; x_wconf 84' lang='lat' dir='ltr'><strong>rarior</strong></span> <span class='ocrx_word' id='word_1_237' title='bbox 2284 2844 2379 2900; x_wconf 78' lang='lat' dir='ltr'><strong>est</strong></span> <span class='ocrx_word' id='word_1_238' title='bbox 2414 2836 2638 2926; x_wconf 72' lang='lat' dir='ltr'><strong>activae</strong></span> 
     </span>
     <span class='ocr_line' id='line_1_27' title="bbox 273 2932 2636 3026; baseline 0 -21"><span class='ocrx_word' id='word_1_239' title='bbox 273 2944 504 3008; x_wconf 79' lang='lat' dir='ltr'><strong>formae</strong></span> <span class='ocrx_word' id='word_1_240' title='bbox 544 2935 806 3007; x_wconf 60' lang='grc' dir='ltr'><strong><em>ἔπειθον</em></strong></span> <span class='ocrx_word' id='word_1_241' title='bbox 842 2959 1021 3017; x_wconf 61' lang='lat' dir='ltr'><strong>usum,</strong></span> <span class='ocrx_word' id='word_1_242' title='bbox 1061 2940 1113 3004; x_wconf 84' lang='lat' dir='ltr'><strong>si</strong></span> <span class='ocrx_word' id='word_1_243' title='bbox 1155 2932 1772 3026; x_wconf 75' lang='grc' dir='ltr'><strong><em>ἐπικηρυκεύματα,</em></strong></span> <span class='ocrx_word' id='word_1_244' title='bbox 1816 2958 1942 3003; x_wconf 89' lang='lat' dir='ltr'><strong>non</strong></span> <span class='ocrx_word' id='word_1_245' title='bbox 1982 2949 2189 3023; x_wconf 86' lang='lat' dir='ltr'><strong>potest</strong></span> <span class='ocrx_word' id='word_1_246' title='bbox 2230 2940 2351 3005; x_wconf 88' lang='lat' dir='ltr'><strong>hoc</strong></span> <span class='ocrx_word' id='word_1_247' title='bbox 2392 2940 2517 3005; x_wconf 82' lang='lat' dir='ltr'><strong>nisi</strong></span> <span class='ocrx_word' id='word_1_248' title='bbox 2565 2960 2636 3005; x_wconf 80' lang='lat' dir='ltr'><strong>ex</strong></span> 
     </span>
     <span class='ocr_line' id='line_1_28' title="bbox 275 3038 2639 3134; baseline -0.001 -23"><span class='ocrx_word' id='word_1_249' title='bbox 275 3038 849 3134; x_wconf 75' lang='grc' dir='ltr'><strong><em>ἕπικηρυκεόμασι</em></strong></span> <span class='ocrx_word' id='word_1_250' title='bbox 882 3045 1264 3127; x_wconf 78' lang='lat' dir='ltr'><strong>depravatum</strong></span> <span class='ocrx_word' id='word_1_251' title='bbox 1295 3064 1459 3107; x_wconf 81' lang='lat' dir='ltr'><strong>esse:</strong></span> <span class='ocrx_word' id='word_1_252' title='bbox 1502 3044 1682 3127; x_wconf 82' lang='lat' dir='ltr'><strong>idque</strong></span> <span class='ocrx_word' id='word_1_253' title='bbox 1711 3064 1852 3128; x_wconf 82' lang='lat' dir='ltr'><strong>ego,</strong></span> <span class='ocrx_word' id='word_1_254' title='bbox 1883 3063 2069 3129; x_wconf 88' lang='lat' dir='ltr'><strong>quum</strong></span> <span class='ocrx_word' id='word_1_255' title='bbox 2109 3044 2347 3109; x_wconf 85' lang='lat' dir='ltr'><strong>codices</strong></span> <span class='ocrx_word' id='word_1_256' title='bbox 2376 3061 2639 3109; x_wconf 79' lang='lat' dir='ltr'><strong>consen·</strong></span> 
     </span>
     <span class='ocr_line' id='line_1_29' title="bbox 275 3141 2639 3234; baseline -0.003 -17"><span class='ocrx_word' id='word_1_257' title='bbox 275 3150 441 3227; x_wconf 75' lang='lat' dir='ltr'><strong>tiam,</strong></span> <span class='ocrx_word' id='word_1_258' title='bbox 473 3169 678 3234; x_wconf 85' lang='lat' dir='ltr'><strong>verum</strong></span> <span class='ocrx_word' id='word_1_259' title='bbox 709 3168 844 3214; x_wconf 88' lang='lat' dir='ltr'><strong>esse</strong></span> <span class='ocrx_word' id='word_1_260' title='bbox 874 3148 1149 3215; x_wconf 78' lang='lat' dir='ltr'><strong>arbitror.</strong></span> <span class='ocrx_word' id='word_1_261' title='bbox 1202 3149 1349 3213; x_wconf 87' lang='lat' dir='ltr'><strong>Item</strong></span> <span class='ocrx_word' id='word_1_262' title='bbox 1368 3141 1734 3230; x_wconf 77' lang='grc' dir='ltr'><strong><em>ἀνώμοτος,</em></strong></span> <span class='ocrx_word' id='word_1_263' title='bbox 1764 3167 1890 3212; x_wconf 87' lang='lat' dir='ltr'><strong>non</strong></span> <span class='ocrx_word' id='word_1_264' title='bbox 1921 3142 2270 3231; x_wconf 72' lang='grc' dir='ltr'><strong><em>ἐνώμοτος,</em></strong></span> <span class='ocrx_word' id='word_1_265' title='bbox 2288 3147 2473 3213; x_wconf 80' lang='lat' dir='ltr'><strong>scribi</strong></span> <span class='ocrx_word' id='word_1_266' title='bbox 2501 3167 2639 3212; x_wconf 89' lang='lat' dir='ltr'><strong>cum</strong></span> 
     </span>
     <span class='ocr_line' id='line_1_30' title="bbox 275 3243 2638 3337; baseline -0.001 -17"><span class='ocrx_word' id='word_1_267' title='bbox 275 3256 467 3320; x_wconf 87' lang='lat' dir='ltr'><strong>tribus</strong></span> <span class='ocrx_word' id='word_1_268' title='bbox 497 3255 673 3320; x_wconf 86' lang='lat' dir='ltr'><strong>codd.</strong></span> <span class='ocrx_word' id='word_1_269' title='bbox 703 3254 891 3319; x_wconf 89' lang='lat' dir='ltr'><strong>Paris.</strong></span> <span class='ocrx_word' id='word_1_270' title='bbox 924 3253 1324 3337; x_wconf 81' lang='lat' dir='ltr'><strong>oppositionis</strong></span> <span class='ocrx_word' id='word_1_271' title='bbox 1352 3253 1504 3318; x_wconf 86' lang='lat' dir='ltr'><strong>ratio</strong></span> <span class='ocrx_word' id='word_1_272' title='bbox 1536 3252 1777 3335; x_wconf 82' lang='lat' dir='ltr'><strong>flagitat,</strong></span> <span class='ocrx_word' id='word_1_273' title='bbox 1807 3254 2135 3337; x_wconf 82' lang='lat' dir='ltr'><strong>eademque</strong></span> <span class='ocrx_word' id='word_1_274' title='bbox 2156 3243 2381 3318; x_wconf 64' lang='grc' dir='ltr'><strong><em>οὐκᾶν</em></strong></span> <span class='ocrx_word' id='word_1_275' title='bbox 2401 3251 2638 3318; x_wconf 81' lang='lat' dir='ltr'><strong>tolerari</strong></span> 
     </span>
     <span class='ocr_line' id='line_1_31' title="bbox 209 3344 2728 3443; baseline -0.003 -18"><span class='ocrx_word' id='word_1_276' title='bbox 209 3355 212 3358; x_wconf 75' lang='grc'><strong>’</strong></span> <span class='ocrx_word' id='word_1_277' title='bbox 275 3378 402 3425; x_wconf 86' lang='lat' dir='ltr'><strong>non</strong></span> <span class='ocrx_word' id='word_1_278' title='bbox 430 3379 617 3443; x_wconf 83' lang='lat' dir='ltr'><strong>posse</strong></span> <span class='ocrx_word' id='word_1_279' title='bbox 647 3360 1033 3424; x_wconf 87' lang='lat' dir='ltr'><strong>demonstrat.</strong></span> <span class='ocrx_word' id='word_1_280' title='bbox 1093 3360 1364 3424; x_wconf 82' lang='lat' dir='ltr'><strong>Praestat</strong></span> <span class='ocrx_word' id='word_1_281' title='bbox 1392 3367 1592 3423; x_wconf 86' lang='lat' dir='ltr'><strong>tamen</strong></span> <span class='ocrx_word' id='word_1_282' title='bbox 1630 3358 1885 3422; x_wconf 74' lang='lat' dir='ltr'><strong>tortasse</strong></span> <span class='ocrx_word' id='word_1_283' title='bbox 1915 3349 2149 3423; x_wconf 77' lang='grc' dir='ltr'><strong><em>κείνων</em></strong></span> <span class='ocrx_word' id='word_1_284' title='bbox 2178 3376 2358 3440; x_wconf 78' lang='lat' dir='ltr'><strong>quam</strong></span> <span class='ocrx_word' id='word_1_285' title='bbox 2388 3345 2532 3437; x_wconf 57' lang='grc' dir='ltr'><strong>τάχ’Ἴ</strong></span> <span class='ocrx_word' id='word_1_286' title='bbox 2553 3344 2636 3420; x_wconf 75' lang='grc' dir='ltr'><strong>ἷίν</strong></span> <span class='ocrx_word' id='word_1_287' title='bbox 2674 3366 2728 3418; x_wconf 87' lang='lat'><strong>11</strong></span> 
     </span>
     <span class='ocr_line' id='line_1_32' title="bbox 277 3447 2637 3548; baseline -0.003 -19"><span class='ocrx_word' id='word_1_288' title='bbox 277 3482 597 3548; x_wconf 87' lang='lat' dir='ltr'><strong>reponere:</strong></span> <span class='ocrx_word' id='word_1_289' title='bbox 635 3483 773 3528; x_wconf 85' lang='lat' dir='ltr'><strong>nam</strong></span> <span class='ocrx_word' id='word_1_290' title='bbox 815 3453 898 3527; x_wconf 64' lang='grc' dir='ltr'><strong>ἄν</strong></span> <span class='ocrx_word' id='word_1_291' title='bbox 934 3463 1171 3547; x_wconf 86' lang='lat' dir='ltr'><strong>quidem</strong></span> <span class='ocrx_word' id='word_1_292' title='bbox 1209 3462 1400 3527; x_wconf 87' lang='lat' dir='ltr'><strong>semel</strong></span> <span class='ocrx_word' id='word_1_293' title='bbox 1438 3462 1703 3544; x_wconf 82' lang='lat' dir='ltr'><strong>positum</strong></span> <span class='ocrx_word' id='word_1_294' title='bbox 1747 3447 2075 3527; x_wconf 82' lang='lat' dir='ltr'><strong>sufficiebat</strong></span> <span class='ocrx_word' id='word_1_295' title='bbox 2106 3461 2266 3543; x_wconf 71' lang='lat' dir='ltr'><strong>⁴(vid.</strong></span> <span class='ocrx_word' id='word_1_296' title='bbox 2297 3461 2372 3526; x_wconf 85' lang='lat' dir='ltr'><strong>ad</strong></span> <span class='ocrx_word' id='word_1_297' title='bbox 2402 3461 2546 3526; x_wconf 78' lang='lat' dir='ltr'><strong>leae.</strong></span> <span class='ocrx_word' id='word_1_298' title='bbox 2574 3479 2637 3543; x_wconf 85' lang='lat' dir='ltr'><strong>p.</strong></span> 
     </span>
     <span class='ocr_line' id='line_1_33' title="bbox 280 3555 2640 3651; baseline -0.003 -17"><span class='ocrx_word' id='word_1_299' title='bbox 280 3569 426 3634; x_wconf 84' lang='lat'><strong>371.</strong></span> <span class='ocrx_word' id='word_1_300' title='bbox 449 3568 650 3633; x_wconf 84' lang='lat' dir='ltr'><strong>Herm.</strong></span> <span class='ocrx_word' id='word_1_301' title='bbox 672 3569 744 3632; x_wconf 89' lang='lat' dir='ltr'><strong>ad</strong></span> <span class='ocrx_word' id='word_1_302' title='bbox 765 3567 829 3632; x_wconf 87' lang='lat' dir='ltr'><strong>S.</strong></span> <span class='ocrx_word' id='word_1_303' title='bbox 852 3568 1064 3633; x_wconf 87' lang='lat' dir='ltr'><strong>Electr.</strong></span> <span class='ocrx_word' id='word_1_304' title='bbox 1085 3588 1138 3633; x_wconf 81' lang='lat' dir='ltr'><strong>v.</strong></span> <span class='ocrx_word' id='word_1_305' title='bbox 1161 3568 1287 3632; x_wconf 85' lang='lat'><strong>790</strong></span> <span class='ocrx_word' id='word_1_306' title='bbox 1309 3575 1368 3631; x_wconf 93' lang='lat' dir='ltr'><strong>et</strong></span> <span class='ocrx_word' id='word_1_307' title='bbox 1393 3566 1468 3631; x_wconf 89' lang='lat' dir='ltr'><strong>de</strong></span> <span class='ocrx_word' id='word_1_308' title='bbox 1496 3566 1704 3649; x_wconf 86' lang='lat' dir='ltr'><strong>partic.</strong></span> <span class='ocrx_word' id='word_1_309' title='bbox 1737 3555 1821 3630; x_wconf 65' lang='grc' dir='ltr'><strong>ἂν</strong></span> <span class='ocrx_word' id='word_1_310' title='bbox 1839 3586 1901 3650; x_wconf 91' lang='lat' dir='ltr'><strong>p.</strong></span> <span class='ocrx_word' id='word_1_311' title='bbox 1941 3567 2061 3632; x_wconf 84' lang='lat'><strong>192</strong></span> <span class='ocrx_word' id='word_1_312' title='bbox 2089 3570 2261 3651; x_wconf 85' lang='lat' dir='ltr'><strong>sqq.)</strong></span> <span class='ocrx_word' id='word_1_313' title='bbox 2298 3580 2640 3650; x_wconf 85' lang='lat' dir='ltr'><strong>pronomen</strong></span> 
     </span>
     <span class='ocr_line' id='line_1_34' title="bbox 279 3663 2641 3761; baseline -0.001 -26"><span class='ocrx_word' id='word_1_314' title='bbox 279 3692 453 3749; x_wconf 83' lang='lat' dir='ltr'><strong>vero,</strong></span> <span class='ocrx_word' id='word_1_315' title='bbox 480 3671 557 3736; x_wconf 84' lang='lat' dir='ltr'><strong>ad</strong></span> <span class='ocrx_word' id='word_1_316' title='bbox 587 3664 787 3761; x_wconf 79' lang='grc' dir='ltr'><strong><em>φίλος</em></strong></span> <span class='ocrx_word' id='word_1_317' title='bbox 828 3664 1022 3756; x_wconf 77' lang='grc' dir='ltr'><strong><em>γένοι’</em></strong></span> <span class='ocrx_word' id='word_1_318' title='bbox 1057 3663 1139 3737; x_wconf 67' lang='grc' dir='ltr'><strong>ἄν</strong></span> <span class='ocrx_word' id='word_1_319' title='bbox 1179 3691 1308 3737; x_wconf 89' lang='lat' dir='ltr'><strong>non</strong></span> <span class='ocrx_word' id='word_1_320' title='bbox 1337 3672 1541 3737; x_wconf 85' lang='lat' dir='ltr'><strong>minus</strong></span> <span class='ocrx_word' id='word_1_321' title='bbox 1572 3690 1753 3754; x_wconf 84' lang='lat' dir='ltr'><strong>quam</strong></span> <span class='ocrx_word' id='word_1_322' title='bbox 1790 3672 1864 3736; x_wconf 85' lang='lat' dir='ltr'><strong>ad</strong></span> <span class='ocrx_word' id='word_1_323' title='bbox 1896 3663 2472 3758; x_wconf 74' lang='grc' dir='ltr'><strong><em>ἐπικηρυκεύμασι</em></strong></span> <span class='ocrx_word' id='word_1_324' title='bbox 2498 3687 2641 3753; x_wconf 82' lang='lat' dir='ltr'><strong>per·</strong></span> 
     </span>
     <span class='ocr_line' id='line_1_35' title="bbox 279 3772 2645 3860; baseline -0.003 -18"><span class='ocrx_word' id='word_1_325' title='bbox 279 3779 507 3855; x_wconf 83' lang='lat' dir='ltr'><strong>tineus,</strong></span> <span class='ocrx_word' id='word_1_326' title='bbox 546 3795 734 3860; x_wconf 85' lang='lat' dir='ltr'><strong>paene</strong></span> <span class='ocrx_word' id='word_1_327' title='bbox 772 3778 1177 3842; x_wconf 81' lang='lat' dir='ltr'><strong>necessarium</strong></span> <span class='ocrx_word' id='word_1_328' title='bbox 1218 3777 1464 3841; x_wconf 78' lang='lat' dir='ltr'><strong>videtur.</strong></span> <span class='ocrx_word' id='word_1_329' title='bbox 1504 3810 1593 3860; x_wconf 52' lang='grc' dir='ltr'><strong>χ-</strong></span> <span class='ocrx_word' id='word_1_330' title='bbox 1635 3776 1801 3853; x_wconf 85' lang='lat' dir='ltr'><strong>Quae</strong></span> <span class='ocrx_word' id='word_1_331' title='bbox 1847 3785 2043 3840; x_wconf 90' lang='lat' dir='ltr'><strong>autem</strong></span> <span class='ocrx_word' id='word_1_332' title='bbox 2086 3774 2466 3848; x_wconf 68' lang='lat' dir='ltr'><strong>Her-mannus</strong></span> <span class='ocrx_word' id='word_1_333' title='bbox 2500 3772 2645 3844; x_wconf 82' lang='lat' dir='ltr'><strong>huic</strong></span> 
     </span>
     <span class='ocr_line' id='line_1_36' title="bbox 280 3876 2642 3964; baseline -0.003 -18"><span class='ocrx_word' id='word_1_334' title='bbox 280 3881 520 3948; x_wconf 86' lang='lat' dir='ltr'><strong>lectioni</strong></span> <span class='ocrx_word' id='word_1_335' title='bbox 559 3880 790 3956; x_wconf 86' lang='lat' dir='ltr'><strong>obiicit,</strong></span> <span class='ocrx_word' id='word_1_336' title='bbox 822 3882 990 3946; x_wconf 80' lang='lat' dir='ltr'><strong>facile</strong></span> <span class='ocrx_word' id='word_1_337' title='bbox 1024 3882 1300 3946; x_wconf 82' lang='lat' dir='ltr'><strong>videntur</strong></span> <span class='ocrx_word' id='word_1_338' title='bbox 1337 3880 1636 3944; x_wconf 81' lang='lat' dir='ltr'><strong>removeri</strong></span> <span class='ocrx_word' id='word_1_339' title='bbox 1683 3899 1888 3964; x_wconf 82' lang='lat' dir='ltr'><strong>posse.</strong></span> <span class='ocrx_word' id='word_1_340' title='bbox 1964 3880 2238 3944; x_wconf 84' lang='lat' dir='ltr'><strong>Primum</strong></span> <span class='ocrx_word' id='word_1_341' title='bbox 2285 3879 2435 3960; x_wconf 86' lang='lat' dir='ltr'><strong>haec</strong></span> <span class='ocrx_word' id='word_1_342' title='bbox 2469 3876 2642 3953; x_wconf 77' lang='lat' dir='ltr'><strong>verba</strong></span> 
     </span>
     <span class='ocr_line' id='line_1_37' title="bbox 280 3976 2645 4071; baseline -0.004 -19"><span class='ocrx_word' id='word_1_343' title='bbox 280 3981 512 4071; x_wconf 80' lang='grc' dir='ltr'><strong><em>λόγοις</em></strong></span> <span class='ocrx_word' id='word_1_344' title='bbox 556 3981 632 4050; x_wconf 79' lang='grc' dir='ltr'><strong>δὲ</strong></span> <span class='ocrx_word' id='word_1_345' title='bbox 676 3982 939 4068; x_wconf 79' lang='grc' dir='ltr'><strong><em>συμβὰς</em></strong></span> <span class='ocrx_word' id='word_1_346' title='bbox 982 3980 1098 4049; x_wconf 84' lang='grc' dir='ltr'><strong>καὶ</strong></span> <span class='ocrx_word' id='word_1_347' title='bbox 1141 3981 1325 4050; x_wconf 78' lang='grc' dir='ltr'><strong><em>θεῶν</em></strong></span> <span class='ocrx_word' id='word_1_348' title='bbox 1369 3976 1719 4067; x_wconf 74' lang='grc' dir='ltr'><strong><em>ἀνώμοτος</em></strong></span> <span class='ocrx_word' id='word_1_349' title='bbox 1745 3994 1924 4067; x_wconf 79' lang='lat' dir='ltr'><strong>negat</strong></span> <span class='ocrx_word' id='word_1_350' title='bbox 1944 3985 2042 4048; x_wconf 80' lang='lat' dir='ltr'><strong>sic</strong></span> <span class='ocrx_word' id='word_1_351' title='bbox 2070 3983 2314 4066; x_wconf 79' lang='lat' dir='ltr'><strong>intelligi</strong></span> <span class='ocrx_word' id='word_1_352' title='bbox 2342 4000 2547 4065; x_wconf 81' lang='lat' dir='ltr'><strong>posse,</strong></span> <span class='ocrx_word' id='word_1_353' title='bbox 2577 3989 2645 4044; x_wconf 89' lang='lat' dir='ltr'><strong>ut</strong></span> 
     </span>
     <span class='ocr_line' id='line_1_38' title="bbox 282 4075 2647 4172; baseline -0.003 -18"><span class='ocrx_word' id='word_1_354' title='bbox 282 4090 710 4156; x_wconf 84' lang='lat' dir='ltr'><strong>sententiarum</strong></span> <span class='ocrx_word' id='word_1_355' title='bbox 741 4090 802 4153; x_wconf 85' lang='lat' dir='ltr'><strong>in</strong></span> <span class='ocrx_word' id='word_1_356' title='bbox 835 4089 947 4153; x_wconf 87' lang='lat' dir='ltr'><strong>hac</strong></span> <span class='ocrx_word' id='word_1_357' title='bbox 971 4089 1226 4154; x_wconf 88' lang='lat' dir='ltr'><strong>lectione</strong></span> <span class='ocrx_word' id='word_1_358' title='bbox 1256 4075 1555 4154; x_wconf 84' lang='lat' dir='ltr'><strong>connexio</strong></span> <span class='ocrx_word' id='word_1_359' title='bbox 1578 4089 1861 4172; x_wconf 82' lang='lat' dir='ltr'><strong>postulat,</strong></span> <span class='ocrx_word' id='word_1_360' title='bbox 1890 4092 1946 4152; x_wconf 75' lang='grc' dir='ltr'><strong>ιι·</strong></span> <span class='ocrx_word' id='word_1_361' title='bbox 1969 4088 2147 4152; x_wconf 73' lang='lat' dir='ltr'><strong>nudis</strong></span> <span class='ocrx_word' id='word_1_362' title='bbox 2167 4097 2398 4154; x_wconf 73' lang='lat' dir='ltr'><strong>tontum</strong></span> <span class='ocrx_word' id='word_1_363' title='bbox 2412 4104 2647 4149; x_wconf 73' lang='lat' dir='ltr'><strong>semo-</strong></span> 
     </span>
     <span class='ocr_line' id='line_1_39' title="bbox 283 4182 2649 4277; baseline -0.003 -18"><span class='ocrx_word' id='word_1_364' title='bbox 283 4195 457 4260; x_wconf 72' lang='lat' dir='ltr'><strong>nibua</strong></span> <span class='ocrx_word' id='word_1_365' title='bbox 484 4213 717 4259; x_wconf 70' lang='lat' dir='ltr'><strong>mecum</strong></span> <span class='ocrx_word' id='word_1_366' title='bbox 745 4198 1090 4259; x_wconf 72' lang='lat' dir='ltr'><strong>conveneris</strong></span> <span class='ocrx_word' id='word_1_367' title='bbox 1116 4212 1298 4277; x_wconf 72' lang='lat' dir='ltr'><strong>neque</strong></span> <span class='ocrx_word' id='word_1_368' title='bbox 1329 4195 1466 4259; x_wconf 80' lang='lat' dir='ltr'><strong>deos</strong></span> <span class='ocrx_word' id='word_1_369' title='bbox 1492 4204 1660 4260; x_wconf 71' lang='lat' dir='ltr'><strong>testes</strong></span> <span class='ocrx_word' id='word_1_370' title='bbox 1688 4191 2050 4264; x_wconf 71' lang='lat' dir='ltr'><strong>adhibueris,</strong></span> <span class='ocrx_word' id='word_1_371' title='bbox 2074 4210 2144 4254; x_wconf 85' lang='lat' dir='ltr'><strong>ac</strong></span> <span class='ocrx_word' id='word_1_372' title='bbox 2165 4189 2504 4277; x_wconf 74' lang='grc' dir='ltr'><strong><em>συμβῆναι</em></strong></span> <span class='ocrx_word' id='word_1_373' title='bbox 2528 4182 2649 4254; x_wconf 80' lang='grc' dir='ltr'><strong>λό-</strong></span> 
     </span>
     <span class='ocr_line' id='line_1_40' title="bbox 281 4283 2650 4390; baseline -0.003 -26"><span class='ocrx_word' id='word_1_374' title='bbox 281 4318 431 4384; x_wconf 80' lang='grc' dir='ltr'><strong><em>γοις</em></strong></span> <span class='ocrx_word' id='word_1_375' title='bbox 458 4283 793 4383; x_wconf 76' lang='lat' dir='ltr'><strong>significare</strong></span> <span class='ocrx_word' id='word_1_376' title='bbox 823 4297 916 4361; x_wconf 78' lang='lat' dir='ltr'><strong>vix</strong></span> <span class='ocrx_word' id='word_1_377' title='bbox 945 4297 1102 4386; x_wconf 78' lang='lat' dir='ltr'><strong>aliud</strong></span> <span class='ocrx_word' id='word_1_378' title='bbox 1133 4317 1311 4381; x_wconf 80' lang='lat' dir='ltr'><strong>quam</strong></span> <span class='ocrx_word' id='word_1_379' title='bbox 1344 4300 1513 4364; x_wconf 71' lang='lat' dir='ltr'><strong>dictis</strong></span> <span class='ocrx_word' id='word_1_380' title='bbox 1542 4298 1790 4362; x_wconf 59' lang='lat' dir='ltr'><strong>alterum</strong></span> <span class='ocrx_word' id='word_1_381' title='bbox 1810 4295 2092 4360; x_wconf 72' lang='lat' dir='ltr'><strong>accedere</strong></span> <span class='ocrx_word' id='word_1_382' title='bbox 2121 4295 2249 4363; x_wconf 55' lang='lat' dir='ltr'><strong>hx.</strong></span> <span class='ocrx_word' id='word_1_383' title='bbox 2268 4296 2471 4376; x_wconf 76' lang='lat' dir='ltr'><strong>facere</strong></span> <span class='ocrx_word' id='word_1_384' title='bbox 2492 4295 2650 4390; x_wconf 71' lang='lat' dir='ltr'><strong>quod</strong></span> 
     </span>
    </p>
   </div>
  </div>
 </body>
</html>
