3102 4866
1536 341 1623 408 12

388 534 790 612 auh‘prorsue
837 529 1030 595 otiosa
1066 528 1407 614 nulliusque
1453 529 1529 594 ad
1578 549 1709 595 rem
1750 547 2056 595 simmam
2086 527 2404 604 momenti,
2440 536 2542 594 aut
2569 526 2750 594 etiam

389 633 715 711 eiusmodi,
752 653 903 718 quae
930 653 1069 698 cum
1098 634 1227 699 aliis
1253 634 1523 718 partibus
1554 634 1853 700 conciliari
1890 634 1988 698 vix
2023 651 2211 716 posse
2248 632 2574 697 videantur.
2659 632 2751 698 Ex

387 737 513 804 hoc
547 757 771 822 genet-e
800 745 896 803 est
922 737 1210 804 lovisilla
1249 738 1621 816 deliberatio,
1646 738 1750 803 lib.
1775 739 1871 803 lv.
1899 737 2050 816 init„
2078 755 2264 820 quum
2292 736 2749 802 consultandum

386 840 489 919 ait,
509 841 824 924 implet-ine
852 843 1191 925 pactionem
1218 854 1278 908 et
1304 863 1520 928 pacem⁴
1550 843 1710 908 inter
1738 843 1994 908 Graecos
2034 850 2096 906 et
2121 841 2417 906 Troianos
2448 841 2750 924 componi,

387 962 467 1011 an
501 944 721 1011 bellum
758 946 1146 1031 redintegrari
1195 947 1445 1032 placeat.
1526 946 1695 1012 Nam
1738 946 1991 1012 oblitum
2034 966 2104 1011 se
2140 964 2276 1011 esse
2313 945 2578 1010 ostendit
2620 962 2749 1011 non

387 1049 585 1116 seium
603 1050 821 1115 veteris
842 1051 1153 1116 cuiusdam
1175 1052 1478 1136 promissi,
1508 1072 1632 1136 quo
1662 1052 1877 1117 Iunoni
1909 1049 2204 1116 excidium
2228 1049 2443 1115 Troiae
2470 1068 2749 1133 spopon-

387 1153 583 1230 derat,
625 1155 732 1221 sed
769 1155 1079 1221 hesternae
1099 1175 1353 1243 ,quoque
1377 1156 1853 1240 pollicitationis,
1893 1174 2079 1238 quum
2109 1173 2177 1218 se
2202 1154 2479 1219 iniuriam
2508 1154 2748 1225 Achillis

387 1258 624 1341 magnis
652 1259 1021 1325 Graecorum
1049 1260 1316 1325 cladibus
1342 1260 1785 1326 vindicaturum
1813 1279 1947 1324 esse
1968 1257 2204 1324 Thetidi
2234 1258 2460 1335 annuit,
2492 1258 2551 1323 id
2583 1259 2748 1342 quod

387 1363 592 1446 perfici
628 1362 755 1427 nisi
784 1363 941 1430 bello
980 1362 1382 1447 redintegrato
1410 1381 1538 1428 non
1566 1364 1839 1447 potuisse
1877 1371 2143 1447 apparet.
2229 1363 2434 1447 Itaque
2461 1363 2564 1447 qui
2591 1363 2750 1427 hanc

387 1476 625 1550 partem
650 1474 920 1543 tuentur,
962 1485 1090 1533 non
1128 1468 1291 1533 serio
1319 1468 1519 1532 Iovem
1559 1468 1668 1532 sed
1697 1466 1972 1532 simulate
1996 1465 2162 1557 loqui
2187 1468 2412 1541 volunt,
2441 1467 2746 1532 lacessen-

388 1580 517 1637 tem
542 1590 653 1654 per
677 1572 882 1637 iocum
921 1590 1173 1637 uxorem
1210 1572 1531 1656 filiamque,
1569 1590 1718 1656 quas
1744 1570 2004 1636 maxime
2029 1570 2308 1636 Troianis
2334 1571 2580 1637 infestas
2610 1591 2748 1637 esse

387 1676 636 1751 sciebat,
675 1675 1093 1758 dilaudautque
1126 1685 1339 1759 poetae
1374 1675 1809 1751 invmtiouem,
1860 1674 1962 1758 qui
2000 1676 2117 1751 sic,
2158 1682 2297 1740 ante
2335 1693 2515 1758 quam
2549 1676 2745 1758 ipsius

384 1779 522 1845 belli
562 1799 739 1845 casus
777 1788 1074 1856 narraret,
1114 1781 1377 1862 patefieri
1424 1781 1603 1844 etiam
1639 1780 1759 1843 hoc
1784 1779 2058 1856 voluerit,
2087 1797 2349 1862 quonam
2377 1779 2578 1843 animo
2608 1799 2748 1862 erga

387 1891 681 1967 unusque
725 1884 839 1949 dei.
872 1893 1077 1948 essent
1093 1885 1178 1961 ο).
1262 1884 1340 1949 Et
1391 1903 1537 1948 sane
1588 1883 1881 1967 patefiunt
1929 1883 2327 1967 implacabiles
2378 1884 2625 1948 Iunonis
2688 1892 2748 1948 et

384 1986 679 2053 Minervae
736 1988 800 2052 in
851 1988 1149 2053 Troianos
1204 1988 1350 2064 irae,
1410 2006 1563 2071 quae
1619 1983 1820 2063 satiari
1874 1986 1992 2051 nisi
2049 1989 2270 2053 horum
2318 1988 2561 2054 interitu
2617 2007 2746 2055 uon

388 2101 667 2174 posseut3
716 2092 828 2157 sed
867 2092 1029 2157 unde
1064 2099 1289 2157 tautaef
1317 2091 1533 2156 animis
1573 2090 1919 2156 caelestibus
1956 2091 2104 2167 irae,
2157 2092 2277 2157 hoc
2311 2111 2437 2157 non
2475 2094 2742 2176 patescit.

387 2195 620 2261 Scilicet
646 2196 796 2262 nihil
824 2216 981 2281 opus
1012 2204 1139 2261 erat
1165 2195 1225 2260 id
1254 2196 1491 2280 exponi,
1516 2195 1608 2260 vel
1649 2195 1811 2279 quod
1840 2214 1966 2261 non
1997 2196 2370 2279 ignoraretur
2405 2197 2478 2262 ab
2509 2196 2767 2262 audito-·

385 2298 589 2375 ribus,
627 2300 718 2364 vel
756 2302 919 2384 quod
956 2320 1082 2366 non
1120 2300 1549 2383 requirerem,
1588 2299 1677 2363 vel
1703 2299 1877 2362 etiam
1907 2310 2254 2384 propterea,
2293 2301 2485 2383 quod,
2517 2301 2570 2366 si
2600 2302 2744 2366 satis

385 2404 573 2471 ium
611 2404 744 2470 illae
781 2424 997 2471 causas
1040 2404 1272 2470 irarum
1307 2403 1629 2478 haberent,
1678 2402 1881 2467 miuus
1936 2405 2133 2471 iustus
2172 2404 2397 2489 Iupiter
2434 2404 2744 2478 videremr,

385 2509 496 2593 qui
518 2509 766 2592 dignam
791 2528 1051 2593 poenam
1080 2508 1482 2573 Troianorum
1520 2515 1644 2572 tam
1674 2524 1851 2588 aegre
1881 2515 2079 2573 tamen
2107 2509 2509 2574 concessisset
2533 2517 2595 2573 et
2622 2517 2743 2574 tam

385 2613 543 2678 lente
573 2615 849 2696 exigeret.
900 2613 1103 2696 Itaque
1130 2614 1250 2677 hoc
1274 2631 1463 2696 genus
1492 2611 1829 2676 reticentiae
1856 2629 1982 2676 nou
2011 2613 2196 2677 modo
2226 2632 2353 2678 non
2382 2614 2743 2692 mirandum,

387 2718 501 2782 sed
543 2717 905 2783 laudandum
956 2717 1161 2800 potius
1211 2725 1541 2781 autumant.
1637 2715 1793 2781 Nolo
1833 2724 2042 2780 contra
2094 2718 2318 2792 dicere,
2371 2735 2565 2801 neque
2601 2717 2742 2782 illud

386 2839 559 2886 nnnc·
592 2840 921 2903 quaerere„
940 2838 1089 2885 num
1118 2837 1246 2884 non
1281 2819 1416 2884 talis
1456 2821 1747 2902 quaedam
1775 2820 1927 2884 ratio
1956 2819 2095 2885 iniri
2120 2822 2406 2904 potuerit,
2435 2839 2585 2904 quae
2614 2838 2739 2886 non

386 2924 804 2990 conniventem
845 2923 1085 3006 quidem
1114 2923 1341 2998 Iovem,
1379 2923 1468 2988 sic
1506 2932 1574 2987 ut
1609 2941 1774 2988 nunc
1800 2923 1981 2988 videri
2009 2942 2257 2989 necesse
2283 2933 2396 2998 est,
2425 2926 2500 2990 ad
2527 2924 2738 2989 Troia-

350 3083 355 3086 .
386 3048 613 3094 norum
645 3029 924 3105 inim-ias,
963 3028 1070 3093 sed
1108 3028 1345 3092 tardum
1382 3037 1585 3092 tamen
1625 3028 1698 3092 ad
1735 3027 2145 3093 ulciscendum
2184 3037 2572 3106 monstraret,
2616 3047 2737 3112 quo

384 3133 607 3199 scilicet
632 3133 747 3198 illis
774 3132 1174 3216 poenitentiae
1202 3139 1440 3215 tempus
1471 3134 1644 3196 roret.
1732 3131 1884 3196 Nam
1915 3133 2108 3197 fateor
2135 3132 2282 3197 mihi
2311 3151 2556 3197 omnem
2585 3133 2743 3197 hanc

385 3237 797 3323 quaestionem
827 3254 955 3301 non
984 3255 1348 3320 magnopere
1376 3236 1450 3300 ad
1479 3236 1658 3303 huius
1690 3236 1968 3301 carminis
1995 3246 2413 3320 argumentum
2443 3236 2744 3321 pertinere

384 3342 593 3417 videri,
628 3341 854 3425 quippe
894 3341 1059 3424 quod
1097 3359 1221 3405 nou
1260 3341 1325 3404 in
1362 3340 1642 3407 universo
1679 3341 1834 3405 bello
1873 3341 2140 3405 Troiano
2171 3341 2420 3424 eiusque
2458 3340 2660 3405 causis
2682 3350 2745 3404 et

384 3454 622 3521 eventu,
654 3445 761 3510 sed
792 3453 1035 3510 tantum
1054 3444 1117 3508 in
1146 3437 1388 3510 Achillis
1416 3446 1502 3511 ira
1531 3447 1783 3529 eiusque
1809 3446 2148 3529 expiatione
2169 3455 2451 3510 versetur.

276 3565 281 3572 ·
423 3577 495 3610 w·
523 3549 742 3633 ’Μὴ
771 3549 895 3615 huc
930 3549 1190 3634 pertinet
1215 3549 1372 3614 Iovis
1403 3551 1722 3615 eonsilium
1753 3550 1829 3613 de
1867 3548 2107 3614 Achillis
2147 3550 2389 3613 ultione.
2476 3550 2741 3613 Affectus

383 3655 634 3720 hinem
660 3653 736 3718 ab
762 3654 1214 3736 Agamemnone
1251 3656 1417 3738 gravi
1451 3673 1598 3719 sane
1624 3663 1685 3719 et
1711 3653 2146 3718 contumeliosa
2172 3653 2415 3728 iniuria,
2455 3654 2528 3717 ad
2559 3672 2744 3737 quam

384 3757 785 3823 ulciscendam
822 3758 1031 3823 matris
1071 3758 1348 3824 auxilium
1389 3758 1687 3842 implorat.
1775 3758 1963 3822 Mater
2003 3756 2203 3823 Iovem
2233 3758 2382 3834 adit,
2425 3765 2739 3823 contume-

382 3863 521 3930 liam
572 3861 697 3926 tilio
733 3863 963 3927 factam
1002 3863 1412 3948 conqueritur,
1460 3863 1703 3946 petitut
1753 3862 1972 3926 honori
2001 3861 2150 3927 eius
2197 3862 2423 3946 Iupiter
2469 3862 2741 3927 consulat

383 3985 639 4050 eamque
665 3965 746 4030 ob
777 3985 1017 4031 causam
1039 3967 1314 4032 Troianis
1337 3965 1647 4032 victoriam
1672 3966 1957 4049 tantisper
1979 3967 2286 4044 concedat,
2319 3967 2511 4031 donec
2530 3965 2742 4029 Achilli

383 4073 747 4137 satisfactum
778 4071 972 4136 fuerit.
1061 4071 1287 4155 Iupiter
1322 4070 1427 4136 diu
1455 4071 1668 4136 tacitus
1701 4070 1894 4135 sedet:
1934 4071 2173 4136 tandem
2216 4072 2433 4136 iterum
2462 4067 2739 4152 precibus

383 4165 655 4259 fatigatus
696 4178 989 4269 facuirum
1030 4176 1270 4260 quidem
1311 4196 1379 4240 se
1417 4177 1580 4259 quod
1620 4175 1713 4241 illa
1751 4176 2039 4259 petiverat
2069 4176 2402 4260 pollicetur,
2431 4174 2539 4238 sed
2565 4191 2741 4255 aegre

519 4404 572 4474 e)
606 4403 838 4459 musea.
863 4405 901 4460 1.
924 4405 962 4460 ι.
984 4423 1034 4479 p.
1065 4406 1183 4490 iao.
