3102 4866
1616 282 1703 351 20

444 479 683 568 sautem.
721 471 799 535 de
844 471 959 537 bac
1004 480 1253 537 nostrae
1298 471 1496 537 lliadis
1547 474 1989 557 compositione
2038 476 2461 545 Lachmannus
2505 501 2619 566 pro
2670 491 2833 549 certo

470 574 667 650 habet,
696 594 830 640 eam
857 592 986 641 non
1012 593 1151 640 esse
1176 575 1472 640 Pisistrati
1500 578 1873 660 temporibus
1914 581 2346 665 antiquiorem,
2387 585 2553 651 cuius
2593 587 2835 671 quidem
2872 610 2876 614 ’

470 677 850 763 praecipuam
888 677 1185 763 quandam
1226 698 1475 762 operam
1512 679 1628 744 bac
1664 679 1728 744 in
1757 699 1824 745 re
1851 682 2039 748 fuisse
2068 685 2214 750 satis
2252 687 2412 751 inter
2441 707 2650 755 omnes
2682 709 2833 756 con-

465 791 619 848 stat:
638 801 833 867 neque
858 790 1061 848 tamen
1089 792 1406 867 propterea
1433 778 1611 867 negat
1639 785 1825 850 ullum
1852 786 2029 858 etiam
2058 796 2193 854 ante
2222 789 2604 857 Pisistratum
2633 780 2831 860 iliadis

468 905 695 970 corpus
723 885 933 951 misse.
1023 887 1195 952 Certe
1222 887 1584 972 principales
1615 890 1904 972 quasdam
1934 901 2135 974 partes
2165 892 2240 956 ad
2269 893 2558 959 unitatem
2586 897 2831 963 maioris

468 990 746 1075 corporis
788 990 1068 1074 primitus
1106 992 1290 1057 factas
1328 1012 1466 1058 esse
1493 994 1793 1076 agnoscit,
1845 994 1907 1059 h.
1938 1014 2021 1071 e.,
2074 995 2127 1060 si
2154 1004 2319 1062 recte
2347 998 2456 1062 viri
2494 999 2833 1066 acutissimi

464 1095 822 1160 sententiam
858 1094 1250 1180 interpretor,
1302 1096 1493 1162 fuisse
1540 1105 1715 1181 putat
1751 1099 2054 1182 quandam
2089 1099 2363 1178 Iliadem,
2416 1102 2541 1168 sive
2591 1122 2831 1169 carmen

463 1199 665 1285 paullo
696 1199 920 1277 maius,
949 1199 1057 1265 sed
1085 1199 1160 1265 ab
1188 1201 1304 1266 hac
1338 1210 1549 1266 nostra
1586 1201 1766 1267 Iliade
1800 1202 2058 1267 multum
2087 1203 2418 1284 diversam,
2447 1207 2834 1293 partibusque

463 1303 768 1388 plurimis,
806 1322 959 1387 qnae
987 1322 1150 1369 nunc
1186 1305 1421 1382 insunt,
1461 1315 1778 1371 carentem.
1866 1306 2098 1371 Harum
2132 1310 2292 1374 enim
2331 1310 2644 1395 plerasque
2669 1312 2828 1378 Pisi-

462 1408 647 1474 strati
662 1409 903 1473 demum
945 1427 1125 1492 opera
1163 1399 1417 1487 additas,
1469 1411 1841 1494 omninoque
1877 1411 2020 1490 hoc,
2071 1412 2233 1495 quod
2261 1413 2582 1492 habemus,
2630 1416 2826 1482 lliadis

464 1531 690 1597 corpus
712 1531 828 1597 pro
858 1532 951 1588 eo,
984 1513 1147 1596 quod
1171 1514 1316 1579 olim
1339 1515 1530 1592 fuerit,
1560 1514 1985 1598 compositum.
2038 1516 2375 1581 Nitzsebius
2406 1528 2611 1584 contra
2639 1539 2826 1603 quum

460 1617 621 1682 hanc
643 1626 919 1682 nostram
945 1615 1184 1693 Iliadem
1213 1618 1392 1699 longe
1420 1618 1676 1683 maxima
1707 1619 1800 1684 sui
1829 1629 1997 1703 parte
2026 1619 2255 1685 dudum
2285 1623 2824 1706 ante‚Pisistratum

461 1719 654 1786 maius
672 1720 918 1786 Homeri
956 1721 1197 1804 ingenio
1237 1732 1416 1806 atque
1453 1730 1581 1787 arte
1610 1723 2009 1806 compositam
2040 1734 2312 1802 censeat,
2340 1725 2480 1790 huic
2507 1745 2540 1791 a
2567 1727 2825 1812 rhapso-

464 1825 559 1890 dis
590 1823 988 1890 additamenta
1018 1825 1260 1909 quidem
1292 1826 1520 1911 passim
1548 1826 1771 1894 inserta
1799 1847 1935 1893 esse
1962 1829 2209 1906 fatetur,
2238 1847 2431 1913 neque
2459 1837 2660 1895 tamen
2688 1832 2825 1896 talia

462 1937 569 1994 aut
591 1937 714 1994 tam
745 1929 931 2017 multa
944 1979 962 2008 ,
1001 1939 1069 1995 ut
1095 1949 1232 1996 vera
1271 1939 1447 2015 atque
1483 1932 1738 2013 genuina
1768 1932 2053 2009 carminis
2092 1934 2288 1997 forma
2315 1951 2571 2016 prorsus
2602 1934 2824 1999 immu-

460 2035 688 2100 taretur
724 2043 829 2100 aut
855 2033 1295 2101 obscuraretur.
1384 2035 1641 2100 Tantam
1679 2036 1884 2120 potius
1922 2055 2056 2101 esse
2094 2037 2239 2102 artis
2268 2036 2618 2103 Homericae
2645 2057 2823 2121 prae-

460 2139 743 2206 stantiam
795 2158 868 2205 ac
915 2141 1372 2224 proprietatem,
1423 2146 1519 2218 ut,
1571 2144 1674 2224 qm
1723 2141 1880 2206 banc
1919 2150 2080 2206 recte
2128 2142 2516 2224 perspexerit,
2565 2142 2824 2208 adhibita

459 2243 813 2327 pracsertim
850 2243 1027 2309 etiam
1077 2243 1352 2327 populari
1388 2243 1482 2308 illa
1532 2244 1792 2321 ratione,
1846 2246 2015 2310 facile
2052 2245 2305 2328 genuina
2354 2245 2430 2309 ab
2479 2245 2822 2311 adulterinis

461 2349 803 2415 discernere
839 2347 1054 2432 possit.
1149 2347 1326 2413 Redit
1360 2347 1542 2430 igitur
1586 2367 1683 2414 res
1721 2349 1920 2414 omnis
1972 2369 2047 2414 eo
2086 2349 2371 2424 maxime,
2420 2358 2491 2413 ut
2539 2350 2683 2433 quid
2721 2370 2820 2416 ars

329 2536 341 2546 .
459 2452 707 2518 Homeri
733 2452 1006 2536 ratioque
1034 2452 1343 2537 popularis
1372 2463 1586 2536 poscat
1613 2462 1719 2520 aut
1744 2456 1925 2533 ferat,
1953 2454 2327 2537 intelligatur,
2355 2462 2532 2538 atque
2559 2455 2651 2519 sic
2678 2454 2820 2538 quid

458 2558 603 2623 huic
627 2568 835 2641 aptum
857 2565 1035 2641 atque
1059 2557 1438 2640 conveniens,
1466 2558 1611 2641 quid
1638 2558 1910 2643 ineptum
1938 2569 1998 2624 et
2017 2558 2447 2623 inconveniens
2477 2558 2572 2633 sit,
2600 2557 2820 2623 diiudi-

460 2671 642 2728 cetur.
733 2661 852 2726 Sed
891 2661 1095 2747 ipsum
1133 2662 1256 2726 hoc
1285 2670 1493 2745 aptum
1524 2670 1586 2727 et
1615 2663 1974 2728 conveniens
2005 2679 2132 2728 non
2170 2680 2295 2727 uno
2325 2662 2510 2727 modo
2540 2663 2820 2727 aestima-

458 2775 580 2843 tur,
631 2765 898 2830 ethabet
934 2766 1231 2851 quosdam
1270 2767 1439 2849 quasi
1476 2767 1725 2849 gradus,
1775 2769 1957 2832 ut'ex
1992 2766 2264 2851 pluribus
2304 2766 2513 2844 rebus,
2566 2785 2821 2850 quarum

457 2869 683 2936 nullam
718 2880 921 2953 aptam
958 2878 1018 2935 et
1057 2869 1509 2935 convenientem
1549 2890 1685 2936 esse
1730 2873 2067 2955 negaveris,
2115 2871 2238 2936 sint
2272 2879 2472 2936 tamen
2511 2870 2657 2935 aliae
2693 2870 2818 2935 aliis

457 2976 593 3060 plus
626 2984 728 3040 aut
754 2974 958 3039 minus
989 2984 1159 3057 aptae
1179 2983 1240 3039 et
1268 2975 1704 3040 convenientes.
1797 2977 1955 3042 Sunt
1981 2975 2196 3060 quibus
2226 2975 2413 3040 careri
2440 2975 2603 3040 nullo
2633 2974 2816 3039 modo

310 3121 317 3127 ·
456 3079 681 3166 possit,
734 3098 885 3163 quae
921 3097 1050 3144 non
1088 3080 1287 3144 solum
1326 3089 1463 3164 apta
1501 3089 1561 3145 et
1600 3081 2032 3159 convenientia,
2082 3080 2186 3145 sed
2238 3080 2571 3145 necessaria
2612 3079 2815 3162 potius

458 3182 707 3249 dicenda
744 3192 908 3248 sunt.
995 3183 1123 3247 Alia
1176 3184 1377 3248 minus
1414 3184 1658 3268 quidem
1695 3185 2059 3262 necessaria,
2115 3184 2221 3248 sed
2262 3183 2427 3249 utilia
2464 3191 2666 3248 tamen
2716 3191 2820 3247 aut

302 3293 307 3300 ’
394 3303 399 3307 ·
456 3288 531 3353 ad
571 3290 913 3353 ornandum
946 3288 1481 3372 illustrandumqne
1520 3308 1764 3355 carmen
1803 3289 2103 3373 apposita,
2142 3287 2646 3373 quemadmodum
2679 3305 2815 3350 cor·

456 3393 707 3477 poribus
744 3393 970 3458 nostris
1010 3401 1227 3458 natura
1262 3402 1504 3478 praeter
1540 3405 1739 3477 partes
1767 3395 2159 3469 necessarias,
2201 3403 2261 3459 et
2290 3393 2419 3457 sine
2456 3390 2674 3475 quibus
2704 3390 2817 3455 vita

454 3506 663 3564 nostra
700 3507 980 3563 constare
1016 3515 1144 3562 non
1183 3498 1407 3581 possit,
1435 3497 1578 3563 alias
1608 3498 1834 3565 addidit
1871 3507 1975 3564 aut
2003 3500 2078 3563 ad
2107 3498 2362 3580 aliquem
2393 3495 2664 3579 quamvis
2692 3511 2817 3558 non

388 3651 394 3658 .
455 3589 863 3668 necessarium
889 3622 1092 3680 usum,
1120 3610 1224 3667 aut
1250 3603 1431 3667 etiam
1460 3604 1536 3667 ad
1566 3602 1748 3668 decus
1772 3603 2002 3668 formae
2031 3612 2090 3668 et
2116 3600 2617 3686 pulchritudinem
2648 3617 2815 3663 com-

455 3714 723 3790 paratas.
801 3706 928 3772 Alia
958 3706 1218 3791 deniqne
1243 3725 1370 3772 non
1399 3705 1643 3790 quidem
1671 3707 1901 3789 inepta,
1943 3706 2048 3770 sed
2079 3706 2375 3771 eiusmodi
2405 3713 2608 3770 tamen
2653 3710 2813 3777 sunt,

453 3809 529 3877 ut
561 3828 756 3894 neque
794 3811 869 3875 ad
912 3830 1091 3875 nsum
1121 3829 1314 3896 neque
1344 3811 1419 3876 ad
1448 3820 1728 3876 ornatum
1758 3810 2082 3893 quidquam
2115 3812 2448 3886 conferant,
2486 3809 2594 3874 sed
2622 3807 2814 3871 abun-

454 3915 683 3992 dantia,
735 3934 885 3999 quae
930 3915 984 3980 si
1025 3916 1226 3980 adsint
1256 3915 1423 3981 facile
1460 3918 1644 3992 feras,
1695 3914 1789 3978 sin
1833 3913 2059 3991 absint,
2112 3933 2240 3980 non
2277 3913 2598 3978 desideres.
2686 3909 2817 3974 Hoc

455 4038 650 4103 genus
687 4037 815 4083 non
852 4038 1038 4102 pauca
1074 4019 1140 4084 in
1178 4020 1358 4085 iliade
1379 4040 1513 4084 esse
1542 4038 1726 4083 nemo
1765 4019 2025 4102 negabit,
2067 4039 2222 4103 quae
2257 4025 2459 4082 tamen
2499 4024 2700 4079 utrum
2739 4013 2812 4077 ab

455 4123 722 4189 Homero
753 4142 828 4188 an
869 4142 903 4187 a
942 4124 1262 4208 rhapsodis
1302 4124 1571 4207 profecta
1613 4124 1735 4187 sint
1775 4123 1870 4186 vix
1910 4133 2075 4189 certo
2117 4124 2294 4189 statui
2330 4119 2571 4206 poterit.
2662 4118 2818 4183 Sunt

454 4237 655 4291 autem
706 4231 883 4293 etiam
934 4227 1228 4311 quaedam
1279 4229 1451 4312 quasi
1511 4227 1690 4293 medii
1732 4228 1965 4310 generis
1980 4275 1997 4303 ,
2050 4248 2124 4292 ex
2169 4228 2325 4312 aptis
2376 4237 2551 4312 atque
2595 4228 2811 4312 ineptis

423 4330 665 4414 >mixt‚a,
707 4349 860 4413 quae
897 4333 951 4396 si
988 4333 1124 4415 quis
1163 4331 1356 4398 obiter
1391 4350 1505 4397 nec
1543 4332 1726 4396 nimis
1765 4332 2074 4414 diligenter
2113 4331 2414 4416 inspiciat,
2451 4332 2711 4415 aliquam
2741 4331 2814 4395 ab
