3102 4866
1409 303 1495 373 49

278 498 511 582 paverit
532 498 615 562 ,de
632 498 750 563 hac
772 505 939 580 parte
963 496 1260 574 carminis,
1286 495 1589 561 neminem
1620 495 1779 572 novi,
1806 512 2003 579 neque
2026 496 2275 562 omnino
2299 496 2441 561 illud
2464 513 2643 561 voea-

279 603 495 669 bulum
526 611 726 669 extare
756 603 820 667 in
851 612 1112 668 veterum
1131 601 1373 685 seriptis
1401 600 1662 679 videtur,
1691 601 1798 665 sed
1829 602 2160 668 recentiore
2188 602 2428 667 demum
2457 608 2646 666 aetate

284 708 355 772 ad
409 707 748 794 exe-plum
798 698 1165 791 θεολογίας
1208 706 1576 789 aliorumque
1617 705 1902 771 similium
1959 726 2291 791 procusum
2329 726 2484 772 esse.
2560 704 2648 771 De

280 811 404 878 hoc
441 814 683 896 quidem
723 812 984 878 carmine
1012 811 1310 875 Hesiodeo
1351 809 1584 894 primus
1616 810 1762 874 Dan.
1793 809 2074 877 Heinsius
2103 833 2176 879 eo
2205 832 2356 879 usus
2386 809 2647 889 est‚.1n·

282 917 545 983 troduet.
583 919 648 983 in
686 918 759 983 0.
798 926 857 982 et
882 916 951 981 D.
985 937 1113 1001 esp.
1144 916 1264 992 Vll,
1304 935 1424 999 quo
1453 914 1588 979 loco
1619 923 1828 979 contra
1856 914 2153 998 vulgatam
2193 918 2336 982 olim
2370 914 2648 984 carminis

285 1022 347 1086 in
378 1023 536 1088 duos
574 1022 762 1087 libros
801 1021 1153 1085 divisionem
1193 1020 1532 1104 disputans,
1569 1019 1907 1103 rectiusque
1945 1028 2147 1104 partes
2187 1018 2315 1087 eius
2345 1041 2420 1086 ex
2445 1039 2649 1107 mrum

285 1137 460 1211 atque
498 1134 990 1209 argumentorum
1026 1125 1304 1190 varietate
1353 1124 1799 1206 distinguendas
1846 1143 1982 1189 esse
2020 1126 2419 1203 contendens,
2464 1126 2649 1190 buius

285 1231 688 1296 distinotionis
739 1231 1035 1315 quandam
1089 1228 1586 1313 significationem
1630 1229 1808 1294 etiam
1849 1228 2006 1312 apud
2047 1228 2371 1314 Manilium‘
2399 1229 2651 1295 inveniri

284 1343 476 1419 putat,
508 1336 612 1418 qui
638 1337 880 1401 Astron.
912 1334 983 1399 11.
1014 1354 1069 1429 γ.
1105 1333 1370 1418 11.'sqq.
1400 1334 1550 1398 haee
1577 1333 1652 1397 de
1681 1332 1944 1397 Hesiodo
1974 1334 2187 1398 eanitt.

620 1477 922 1544 Hesiodus
951 1483 1245 1543 memorat
1274 1476 1443 1541 divos
1475 1476 1795 1559 divumque
1822 1483 2119 1559 parentes,
2191 1496 2200 1504 ·

623 1591 685 1645 et
710 1583 893 1647 chaos
926 1583 1164 1648 enixum
1194 1592 1402 1658 terras,
1437 1581 1764 1664 orbemque
1792 1580 1909 1645 sub
1936 1580 2038 1646 illo

621 1685 926 1764 inlantem‚
957 1696 1017 1752 et
1041 1687 1273 1771 primos
1302 1686 1614 1752 titubantia
1647 1685 1843 1750 sidera
1872 1694 2101 1770 partus,

622 1789 984 1875 Titanasque
1013 1811 1206 1871 senes,
1234 1788 1391 1858 Iovis
1423 1799 1482 1856 et
1512 1789 1805 1856 ounabula
1839 1791 2060 1874 magni,
2137 1871 2148 1880 ο

622 1902 682 1960 et
710 1895 822 1960 sub
852 1896 1033 1961 frati-e
1058 1895 1172 1961 viri
1202 1913 1446 1972 nomen,
1482 1896 1615 1960 sine
1644 1902 1833 1959 matre
1860 1894 2145 1978 parentis,

622 2006 800 2083 atque
826 2000 1041 2066 iterum
1072 1992 1266 2085 patrio
1296 2008 1642 2069 nascentem
1672 2018 1929 2082 corpore
1956 2000 2280 2078 Bacchum,

627 2103 946 2187 omniaque
973 2104 1273 2169 immenso
1304 2105 1605 2169 volitantia
1636 2103 1889 2168 numina
1920 2103 2171 2181 mundo,

625 2207 769 2292 quin
799 2208 973 2272 etiam
1003 2209 1162 2273 ruris
1192 2209 1390 2274 cultus
1419 2210 1700 2292 legesque
1727 2208 2135 2301 novandi-eto.

264 2351 443 2416 *Nam
473 2350 694 2415 borum
724 2370 1007 2417 versuum
1040 2350 1193 2415 duos
1222 2358 1566 2436 postremos
1598 2351 1672 2415 ad
1704 2350 1897 2435 Opera
1926 2322 2242 2433 pertinere,
2275 2359 2334 2417 et
2360 2350 2653 2416 numina
2681 2346 2686 2351 ’

290 2456 386 2521 illa
416 2455 770 2521 immenso
803 2458 1070 2523 mundo
1101 2456 1486 2521 volitantia
1525 2474 1650 2520 non
1691 2456 1840 2520 alios
1870 2475 2005 2520 esse
2034 2476 2211 2540 quam
2244 2459 2667 2536 daemones‚·

291 2579 554 2645 quorum
592 2580 644 2625 v,
681 2560 804 2624 122
845 2570 904 2625 et
944 2561 1071 2625 252
1114 2561 1338 2625 mentio
1379 2562 1548 2641 tiu).
1639 2560 2019 2639 „Manilius
2058 2559 2332 2643 igitur“
2374 2561 2566 2645 inquit
2591 2580 2654 2646 p.

294 2665 419 2736 655
452 2665 543 2729 ed.
573 2665 814 2743 Loesn.‚
845 2657 1259 2753 κριτήριον
1299 2666 1517 2730 huius
1547 2664 1722 2749 libri
1752 2664 1970 2748 primi
2002 2684 2157 2730 esse
2185 2666 2417 2731 'voluit
2442 2666 2541 2743 id,
2572 2665 2659 2729 de

293 2788 432 2853 quo
470 2769 878 2854 praecipue
916 2769 1179 2851 agitur,
1218 2768 1378 2851 quia
1418 2771 1697 2851 primus
1737 2769 2131 2848 HesioduS‚
2183 2769 2655 2854 quemadmo-

293 2873 457 2938 dum
496 2875 559 2939 in
597 2873 995 2957 theogonia
1036 2873 1117 2937 de
1158 2873 1298 2937 diis
1339 2873 1490 2938 sive
1527 2874 1613 2939 de
1657 2874 1889 2958 prima
1931 2874 2351 2952 divinitatis
2395 2852 2661 2959 specie,

294 2978 392 3042 ita
431 2977 504 3041 in
543 2977 684 3042 boc
717 2977 904 3042 libro
943 2978 1602 3062 primus'distincte
1631 2978 1715 3042 de
1744 2981 2063 3044 secunda
2101 2980 2273 3064 egit,
2313 2979 2657 3045 nimirum

296 3077 666 3170 περὶτῶν
704 3076 1141 3165 δαιμόνων,
1190 3077 1381 3166 περὶ
1423 3079 1572 3147 τῶν
1613 3079 1984 3148 ποτανῶν
2025 3085 2300 3150 θεῶν.“
2358 3084 2435 3149 Et
2464 3084 2660 3168 paullo

296 3193 464 3270 post,
500 3205 563 3269 p.
606 3186 751 3251 656.
795 3188 864 3251 7;
908 3187 1161 3265 „Sicut
1194 3196 1432 3256 autem
1472 3187 1767 3251 minime
1805 3183 2136 3253 insolens
2175 3197 2359 3267 erat,
2397 3188 2662 3253 librum

295 3292 663 3374 integrum
702 3291 975 3357 Iliados
1017 3312 1051 3356 a
1096 3301 1300 3375 parte
1339 3292 1580 3357 dicere
1617 3285 2184 3376 Πατρόκλειαν
2225 3293 2335 3358 vel
2378 3286 2665 3380 Λύτρα

297 3431 385 3444 -
425 3395 528 3459 ita
568 3414 855 3479 quoque
895 3389 1551 3481 Δαιμονολογίαν
1587 3396 1901 3481 primum
1944 3386 2413 3484 τῶνἜργων
2452 3389 2666 3466 vocat

298 3499 660 3592 Manilius,
697 3501 886 3583 quod
926 3522 1006 3566 ex
1036 3502 1160 3567 illa
1199 3511 1404 3587 parte
1440 3504 1791 3587 pleraque
1821 3499 2342 3586 depen-deantss‘}
2401 3505 2665 3586 Apparet

297 3604 601 3670 brevitatis
633 3624 810 3670 causa
837 3605 982 3671 huie
1008 3606 1164 3688 parti
1197 3599 1717 3693 δαιμονολογίας
1756 3626 1982 3672 nomen
2021 3607 2095 3671 ab
2124 3606 2372 3671 Heinsio
2403 3606 2668 3692 imponi3

295 3709 579 3775 traditum
609 3729 644 3774 a
670 3710 965 3775 veteribus
996 3732 1131 3777 esse
1158 3731 1285 3778 non
1313 3721 1577 3796 apparet.
1608 3731 1694 3761 --·-
1724 3713 1927 3779 Paullo
1968 3712 2136 3777 aliter
2164 3732 2231 3777 se
2260 3731 2358 3777 res
2387 3712 2566 3776 habet
2592 3711 2676 3775 de
2768 3692 2778 3702 ’

298 3804 668 3901 Πιθοιγίᾳ,
700 3815 861 3898 quod
891 3817 1243 3882 vocabulum
1273 3837 1467 3902 neque
1498 3819 1773 3901 ignotum
1803 3827 1896 3882 est
1924 3818 2222 3882 veteribus
2254 3816 2670 3901 scriptoribus,

300 3927 355 3984 et
385 3927 762 4003 usurpatum,
792 3919 867 3983 ab
896 3939 1021 3984 uno
1053 3923 1277 4000 saltem,
1308 3922 1383 3987 de
1404 3924 1667 4006 quodam
1693 3922 1960 4006 Operum
1989 3922 2289 4001 loeo;‘sed
2320 3940 2534 3986 rursus
2564 3919 2666 4003 qui
2786 3953 2794 3960 ·

297 4022 455 4086 illam
487 4022 561 4086 de
588 4021 865 4087 Pandora
895 4024 1326 4104 narrationem,
1370 4046 1522 4110 quae
1562 4038 1653 4092 est
1680 4048 1736 4092 v.
1769 4027 2102 4105 42—105‚
2140 4018 2530 4111 Πιθοιγίαν
2552 4043 2667 4108 ap-

436 4308 490 4375 4)
526 4302 608 4363 Ne
648 4315 793 4363 eert-
825 4308 1027 4378 quidem
1058 4318 1142 4364 m
1173 4312 1275 4366 1001
1307 4287 1788 4367 monumnenta:
1829 4329 1946 4388 nm
1978 4314 2154 4384 optimi
2187 4313 2391 4368 matoes
2426 4314 2669 4367 lumin

300 4394 506 4548 Ἤ
528 4412 629 4449 non
650 4397 924 4465 numina,
950 4396 1175 4466 illudque
1198 4414 1232 4452 ι
1256 4416 1451 4469 nupero
1474 4402 1675 4454 editore
1697 4399 1881 4454 hoobo
1906 4409 2295 4553 reeeptnmist.
