3102 4866
395 533 542 617 Cap.
573 531 673 610 XI,
699 532 807 597 26.
874 533 1330 614 Anaxagorae
1367 565 1457 580 —
1494 532 1816 599 omnium
1850 552 2091 601 rernm
2128 496 2583 618 descriptio-

224 656 385 703 nem
434 644 506 702 et
540 636 832 701 modum
869 636 1136 703 inentis
1186 634 1530 713 infinitae
1563 636 1633 702 vi
1661 657 1755 705 ac
1784 639 2073 706 ratione
2106 632 2481 724 deaignati
2508 647 2592 706 et

77 776 83 781 ·
225 740 498 806 confici
524 740 755 806 voluit
831 739 934 805 Sic
957 738 1348 805 hunclociini
1378 739 1637 817 codioee,
1664 750 1734 808 iit
1760 743 2008 824 videtur,
2034 761 2251 811 omnee
2279 743 2587 821 exhibeam

222 842 495 911 Davieiiia
544 852 750 908 tamen
785 841 1058 927 reposuit
1089 849 1158 906 et
1188 851 1496 920 motum3
1546 862 1725 926 quem
1761 864 1874 930 ego
1924 846 2299 931 sequendum
2326 844 2590 917 iudicavi
2644 924 2653 935 .
2788 875 2797 885 ·

225 947 465 1013 duabus
492 947 570 1015 de
591 946 810 1013 causis.
866 945 1145 1011 Primum
1171 952 1425 1028 propter
1451 946 1677 1012 multoe
1706 946 2072 1032 Graecorum
2098 948 2589 1035 eci-iptorumlo-

219 1071 367 1130 eoa,
393 1050 529 1135 qni,
557 1068 744 1136 quum
773 1049 850 1115 de
871 1048 990 1113 bac
1016 1048 1401 1129 Anaxagorae
1427 1047 1700 1117 docti-ina
1725 1052 2018 1133 referunt,
2048 1071 2179 1123 non
2206 1053 2407 1133 aoliiin
2434 1048 2590 1123 διο-

2629 546 2695 603 15
2906 587 2913 595 .

221 1149 584 1243 κόσμησιν,
629 1155 692 1219 li.
720 1172 775 1218 e.
811 1150 1423 1235 descriptionem,
1475 1170 1954 1236 commemorare
1990 1157 2213 1235 noluit.
2260 1156 2372 1224 aed
2409 1156 2589 1231 etiam
2729 1230 2742 1253 ι

221 1252 520 1346 κίνησιν,
556 1257 620 1323 li.
645 1277 704 1322 e.
731 1266 1030 1330 motum,
1068 1255 1352 1339 aineqiio
1389 1253 1548 1319 illam
1575 1254 2043 1340 destitiptionem'
2072 1259 2288 1325 confici
2314 1277 2449 1337 non,
2466 1278 2586 1344 po-

223 1362 416 1426 tniaae
439 1368 714 1444 apertum
740 1368 854 1425 eat.
930 1358 1173 1423 Praeter
1212 1376 1352 1433 eoa,
1392 1375 1550 1440 quoe
1587 1359 1707 1424 iam
1732 1359 2005 1427 Davisius
2032 1360 2255 1440 citavit,
2291 1361 2410 1427 vid.
2438 1362 2590 1428 alioa

224 1464 521 1547 plurimos
549 1464 709 1548 apud
737 1464 1235 1541 Sebaiibacliinm,
1273 1464 1658 1546 Anaxagorae
1688 1463 1839 1530 Claa.
1878 1458 2175 1548 stagninif,
2208 1484 2275 1551 p.
2304 1462 2411 1530 68.
2434 1465 2588 1545 400.

230 1568 375 1633 104.
411 1567 534 1634 108
559 1586 662 1652 eq.·
692 1568 816 1634 129
842 1587 940 1653 aq.
997 1566 1208 1652 Neque
1234 1575 1362 1633 erat
1389 1586 1497 1632 cur
1521 1566 1753 1645 Cicero,
1778 1569 2015 1634 omieao
2045 1588 2149 1648 eo,
2186 1568 2456 1654 quod‚ad
2492 1568 2590 1635 in-

225 1671 558 1752 tegritatem
585 1671 889 1737 relationis
919 1672 1262 1756 pertineret,
1292 1671 1544 1737 alterum
1572 1671 1746 1753 illud2
1766 1673 2087 1753 modum,
2114 1690 2349 1759 ponere
2373 1671 2592 1752 mallet,
2638 1756 2643 1762 .

225 1775 390 1857 quod
428 1774 566 1839 addi
597 1775 680 1841 ad
718 1775 1298 1860 descriptionem
1335 1775 1483 1840 nibil
1520 1793 1679 1859 opua
1718 1776 1844 1841 suit.
1918 1776 2146 1844 Deinde
2182 1796 2337 1861 qnae
2382 1776 2589 1843 atatim

221 1877 456 1962 opponi
483 1897 524 1943 a
550 1877 772 1944 Velleio
800 1879 970 1945 facit:
1019 1878 1092 1944 in
1132 1899 1277 1963 quo
1314 1897 1461 1945 non
1489 1879 1706 1957 vidit,
1750 1898 1987 1965 neque
2019 1888 2291 1946 motuni
2332 1880 2591 1946 cenaui

220 1982 550 2048 iunctum
580 1992 652 2048 et
674 1983 1176 2049 continentem
1207 1984 1282 2049 in
1309 1983 1612 2050 infinito
1639 1983 1861 2048 ullum
1890 2002 2057 2049 esee
2084 2002 2451 2068 φουρ-Ἴ
2479 2003 2590 2050 eo-

225 2094 376 2168 gunt
401 2086 878 2170 propemodum,
920 2095 987 2151 iit
1020 2086 1199 2152 etiam
1240 2105 1424 2170 supra
1454 2086 1529 2150 de
1565 2094 1767 2152 motii
1788 2086 2009 2171 aliquid
2038 2086 2265 2151 dictum
2295 2106 2435 2152 eeae
2458 2096 2587 2163 ata·

221 2197 487 2264 manius.
543 2189 696 2255 Nam
726 2191 889 2275 qnod
917 2188 1304 2255 Heindorfiua
1333 2189 1557 2268 obiicit,
1586 2207 1719 2255 non
1745 2200 1949 2256 tamen
1977 2190 2239 2256 eundem
2266 2190 2588 2278 utrobique

222 2301 460 2358 motum
494 2293 736 2376 intelligi
774 2311 989 2377 posse3
1035 2292 1288 2358 alter-iim
1323 2292 1486 2357 enim
1523 2312 1758 2373 renim,
1802 2294 2053 2359 alterum
2093 2293 2312 2358 mentis
2350 2303 2587 2360 motum

211 2414 389 2462 ecee:
421 2396 553 2463 boc
587 2396 755 2463 facile
775 2396 1029 2463 dissolvi
1055 2405 1276 2481 potest.
1333 2395 1645 2462 Nimirum
1658 2396 1959 2482 Epicureo
1985 2415 2234 2464 neoeaee
2258 2396 2587 2476 videbatur,

225 2500 391 2584 quod
417 2510 682 2592 moveret
708 2500 985 2579 alterum,
1036 2500 1098 2566 id
1130 2500 1338 2584 ipenm
1367 2519 1609 2584 quoqne
1642 2502 1902 2579 moveri3
1948 2521 2051 2567 ree
2087 2502 2288 2585 itaque
2321 2520 2358 2566 a
2380 2509 2587 2566 mente

131 2649 139 2662 ,
222 2605 452 2669 moveri
501 2605 637 2670 aine
681 2604 880 2688 ipsine
918 2603 1137 2669 mentia
1174 2612 1346 2669 motu
1381 2620 1509 2668 non
1550 2603 1842 2687 potnieee.
1920 2604 2206 2669 Fueritne
2255 2604 2404 2670 haec
2448 2623 2587 2671 me

225 2710 602 2790 Anaxagorae
627 2708 952 2786 sententia,
991 2725 1071 2771 an
1099 2725 1226 2771 non
1255 2705 1466 2771 fuerit¹
1491 2708 1576 2786 ³),
1606 2706 1855 2772 nibil.ad
1881 2726 2042 2773 rem:
2080 2725 2224 2772 nam
2252 2707 2585 2791 Epicureos
2704 2760 2712 2768 .

221 2817 557 2875 ceterorum
585 2810 907 2877 sententias
949 2826 1262 2892 nunquam
1300 2827 1429 2876 non
1467 2826 1583 2874 aiio
1620 2810 1868 2875 modulo
1904 2810 2325 2895 interpretatos
2362 2829 2501 2876 eaae
2524 2820 2587 2876 et
2680 2837 2689 2846 ·

209 2914 582 2980 diiudieam
603 2915 760 2980 satis
790 2922 1044 2981 constat.
1104 2912 1348 2977 Videtur
1382 2912 1505 2978 boc
1531 2913 1709 2979 etiam
1736 2913 2056 2979 Kriecliius‘
2076 2897 2413 2997 significare
2438 2914 2586 2980 velle

222 3036 283 3100 p.
305 3017 392 3082 66
419 3025 569 3096 not„
597 3018 700 3101 qui
723 3035 846 3101 qua
874 3018 1104 3082 ratione
1129 3025 1328 3082 tamen
1345 3014 1569 3081 Davisii
1597 3015 2075 3080 emendationem
2104 3026 2368 3100 spernat,
2395 3018 2586 3082 fateor

224 3138 324 3185 me
348 3138 478 3186 non
504 3123 978 3208 petapiemu—
1011 3120 1277 3204 Denique
1299 3120 1584 3186 codicum
1611 3119 1679 3184 in
1702 3119 1805 3185 tali
1831 3137 1900 3184 re
1924 3120 2336 3214 anctoritatem
2358 3120 2585 3192 millitia

209 3224 516 3289 momenti
543 3243 681 3290 ease
709 3224 952 3309 quilibet
977 3223 1285 3289 concedet.
1990 3273 1999 3284 .
2294 3278 2301 3284 .
2420 3259 2449 3290 -.

397 3327 537 3412 Cap.
566 3328 666 3407 XI,
694 3328 799 3395 28.
856 3326 1329 3392 Parmenides
1369 3325 1950 3391 commenticium
1988 3287 2343 3408 quiddam
2366 3347 2585 3394 coro-

213 3449 352 3496 nae
369 3431 861 3497 eimilitndine
887 3429 1147 3496 efficit.
1177 3425 1597 3512 Stephanen
1625 3428 1975 3511 appellat:
2006 3430 2437 3496 continente
2456 3451 2582 3498 ar-

209 3534 396 3599 -dore
419 3534 609 3601 lucia
633 3534 912 3614 orbem,
945 3533 1075 3618 qni
1111 3532 1344 3615 cingit
1383 3532 1679 3598 coelum.
1730 3531 1954 3598 Mirum
1982 3543 2076 3616 eet
2110 3534 2276 3600 hunc
2309 3535 2584 3601 indicati-

220 3657 363 3703 viini
401 3638 633 3721 cingit
667 3658 704 3704 a
727 3638 1034 3722 pla-isque
1059 3638 1352 3721 patienter
1377 3636 1699 3702 toleratum
1741 3655 1909 3701 ease:
1955 3655 2097 3702 nain
2128 3637 2363 3721 primun
2392 3627 2585 3704 Erne-

219 3742 373 3807 atina
432 3741 742 3818 „meliue“
791 3743 986 3826 inquit
1026 3742 1232 3820 „toret
1274 3740 1592 3823 cingat“,
1633 3738 1798 3824 quod
1841 3740 2057 3806 deinde
2094 3741 2174 3806 ab
2214 3741 2587 3820 nebda-fio,

219 3844 488 3922 nomo,
536 3844 755 3910 Orellio
803 3845 1141 3929 repositum
1189 3853 1304 3910 eet.
1413 3844 1535 3909 Sed
1585 3863 1756 3924 ecce,
1807 3854 2134 3928 patronum
2185 3846 2584 3937 vetanda-,tio
2652 3874 2663 3883 ·

207 3955 392 4013 nacta
428 3957 525 4013 eet
555 3947 952 4031 insperatum
979 3948 1348 4026 iii-isonium,
1385 3968 1449 4032 p.
1492 3948 1636 4014 109
1723 3948 1784 4014 is
1820 3948 1987 4013 enim
2020 3950 2119 4030 liis
2157 3949 2384 4028 verbis,
2406 3968 2585 4018 con,-

219 4050 345 4116 tin.
385 4050 533 4117 ard.
569 4051 759 4117 lucia
815 4051 1095 4130 orbem,
1155 4052 1276 4135 qui
1339 4052 1572 4135 cingit
1608 4051 1919 4129 coelum,
1946 4069 2102 4120 non
2146 4052 2402 4135 amplius
2440 4047 2587 4136 quid

216 4153 562 4224 Parmenidi
609 4153 898 4238 placuerit
931 4155 1175 4234 referi-i,
1222 4156 1333 4221 sed
1380 4155 1579 4239 ipsius
1610 4155 1923 4219 referentis
1960 4153 2245 4220 iudicium
2281 4153 2587 4239 interponi

359 4315 1295 4452 ιωοοιιιι-ὲιωιυηινιιιςε.
1982 4444 2176 4536 ‘20‘
