3102 4866
1561 363 1662 438 RB

358 524 678 657 longius
729 578 971 626 carmen
1019 578 1336 624 evasurum
1389 559 1601 623 fuisset
1650 577 1764 623 nec
1813 558 1978 622 facile
2033 565 2235 620 mente
2276 557 2790 642 complectendum

443 646 929 746 (εὐσύνοπτον),
969 664 1095 728 sive
1122 665 1313 746 quod,
1352 663 1585 727 etiamsi
1615 681 1898 749 mensura
1927 660 2261 736 modicum,
2291 662 2566 725 varietate
2593 674 2791 727 tamen

390 822 395 829 .
439 770 622 834 nimia
649 769 989 833 intricatum
1019 768 1192 844 foret,
1224 772 1425 851 (atque
1453 767 1543 831 sic
1570 785 1783 830 rursus
1834 784 1962 830 non
2000 756 2449 845 εὐσύνοπτον).
2538 767 2796 848 Apparet

273 884 286 913 ¹
346 900 358 909 ·
439 874 623 956 igitur
658 872 924 935 Homero
975 870 1193 954 aliquid
1243 856 1500 954 amplius
1550 869 1732 935 tribui
1770 878 2005 953 praeter
2040 869 2284 933 unitatis
2324 887 2559 944 curam,
2597 887 2793 951 quam,

312 1014 322 1025 ·
438 985 669 1042 utnon
708 974 973 1059 ignotam
1011 975 1332 1040 lectoribus
1371 985 1432 1040 et
1472 977 1590 1040 iam
1629 977 1813 1059 supra
1841 974 2240 1057 praedicatam
2273 978 2351 1054 (c.
2385 972 2480 1049 8),
2513 972 2792 1036 hocloco

438 1081 657 1145 iterum
679 1080 899 1145 diserte
925 1081 1386 1144 commemorari
1414 1099 1540 1144 non
1572 1098 1818 1143 necesse
1847 1080 1992 1143 ιἰιιιι
2015 1078 2123 1141 sed
2151 1086 2245 1141 est
2270 1087 2471 1142 tamen
2500 1077 2591 1153 id,
2633 1076 2793 1159 quod

416 1201 604 1264 ¹nunc
629 1186 692 1248 ιιι
719 1203 793 1247 eo
820 1183 1112 1260 laudatur,
1142 1175 1280 1248 c'um
1310 1184 1404 1249 illa
1433 1184 1679 1249 unitatis
1709 1201 1848 1247 cura
1871 1183 2170 1247 artissime
2192 1182 2597 1246 coniunctum.
2641 1179 2797 1243 Nam

223 1370 233 1378 .
289 1362 295 1368 ,
438 1296 511 1352 ιιι
548 1288 786 1373 ‘percipi
839 1286 1036 1352 unitas
1077 1288 1358 1352 carminis
1391 1288 1465 1352 ab
1508 1287 1885 1352 auditoribus
1926 1287 2138 1369 possit,
2176 1305 2423 1351 necesse
2474 1294 2566 1350 est
2601 1303 2796 1367 neque

293 1384 317 1435 '-
372 1400 379 1407 ‘
437 1391 679 1473 longius
711 1392 849 1463 ,hoc
898 1411 1059 1467 esse,
1108 1411 1288 1474 quam
1327 1392 1489 1475 quod
1530 1392 1661 1455 sine
1710 1382 1980 1454 molestia
2031 1391 2313 1473 cognosci
2357 1398 2553 1454 totum
2602 1396 2796 1472 queat,

298 1486 310 1543 ⁸·
368 1532 375 1539 ι
436 1512 632 1578 neque
660 1494 843 1558 nimia
868 1514 1073 1570 rerum
1104 1499 1375 1559 varietate
1404 1495 1735 1578 impletum,
1766 1513 1934 1577 quae,
1966 1495 2144 1558 etiam
2176 1493 2228 1558 si
2256 1512 2384 1558 non
2411 1501 2637 1576 pugnet
2657 1512 2796 1556 cum

440 1598 686 1673 unitate,
718 1599 885 1687 facile
912 1610 1110 1664 tamen
1145 1619 1274 1663 eam
1319 1599 1600 1663 obscuret
1637 1608 1696 1664 et
1733 1599 1953 1662 officiat
1991 1598 2328 1662 intellectui.
2415 1597 2582 1661 Hanc
2616 1597 2796 1678 igitur

283 1753 315 1769 ..
374 1748 383 1771 ·.
440 1702 792 1767 oli-causam
822 1702 1119 1767 Homerus
1149 1722 1330 1768 unam
1360 1712 1590 1767 tantum
1621 1713 1853 1785 partem
1875 1702 2009 1765 belli
2030 1701 2272 1766 Troiani
2296 1701 2410 1765 sibi
2434 1701 2798 1765 tractandam

302 1792 309 1797 ⁵
380 1832 385 1837 ’
439 1807 796 1889 sumpsisse,
824 1807 898 1871 de
929 1807 1136 1870 ceteris
1168 1817 1366 1870 autem
1397 1807 1666 1890 episodia
1695 1807 1923 1889 passim
1953 1805 2279 1891 intexuisse
2309 1805 2548 1870 dicitur:
2579 1807 2694 1868 νῦν
2723 1798 2802 1868 δὲ

442 1900 518 1975 ἓν
557 1904 761 1994 μέρος
804 1900 1174 1994 ἀπολαβών
1218 1903 1647 1987 ἐπεισοδίοις
1691 1905 2004 1997 κέχρηται
2049 1902 2256 1973 αὐτοῦ
2309 1904 2604 1987 πολλοῖς,
2653 1893 2801 1973 οἷον

439 2009 623 2078 νεῶν
655 2009 1003 2100 καταλόγῳ
1055 2009 1173 2078 καὶ
1230 2005 1459 2092 ἅλλοις
1507 2006 1961 2092 ἐπεισοδίοις,
2018 2002 2125 2091 οἷς
2177 2006 2626 2096 διαλαμβάνει
2678 2007 2804 2097 τήν

360 2164 365 2169 -
439 2110 740 2204 ποίησιν.
831 2118 1239 2200 opponuntur
1289 2119 1500 2182 deinde
1539 2118 1804 2182 Homero
1846 2118 2022 2182 ceteri
2060 2127 2298 2201 poetae:
2374 2107 2440 2181 οι
2486 2107 2552 2180 δ’
2598 2105 2800 2180 ἄλλοι

320 2228 352 2282 ῑ.
440 2214 603 2304 περὶ
648 2213 764 2285 ἕνα
807 2218 1115 2301 ποιοῦσι,
1158 2216 1277 2285 καὶ
1322 2217 1483 2305 περὶ
1530 2216 1650 2286 ἕνα
1688 2216 1939 2309 χρόνον,
1984 2219 2103 2285 καὶ
2145 2214 2324 2304 μίαν
2361 2215 2610 2304 πρᾶξιν
2665 2241 2803 2284 πο-

262 2320 271 2327 ’
321 2317 339 2403 ξ
436 2320 708 2411 λυμερῆ,
763 2311 908 2391 οἷον
962 2318 1000 2390 ὁ
1053 2320 1142 2387 τὰ
1194 2319 1478 2412 Κύπρια
1530 2321 1835 2412 ποιήσας
1884 2322 2001 2389 καὶ
2053 2321 2173 2412 τὴν
2223 2319 2472 2408 μικρὰν
2516 2315 2797 2387 Ἰλιάδα.

288 2493 291 2494 ⁷
325 2406 357 2514 ι
440 2426 637 2493 lii-bis
667 2429 808 2512 quid
838 2429 917 2493 sit
959 2424 1121 2513 περὶ
1151 2421 1267 2493 ἕνα
1298 2430 1543 2510 ποιεῖν,
1574 2448 1700 2494 ιιοιι
1725 2430 2050 2495 obscurum
2071 2440 2190 2495 est:
2222 2430 2608 2514 designantur
2636 2428 2798 2493 enim

252 2528 343 2615 [ζ’
440 2532 548 2609 illi,
587 2532 662 2596 de
700 2532 918 2615 quibus
959 2550 1085 2615 cap.
1128 2532 1168 2597 8
1208 2533 1436 2599 dictum
1475 2543 1597 2611 est,
1630 2529 1786 2600 ὅσοι
1836 2538 1971 2598 τῶν
2025 2530 2329 2621 ποιητῶν
2374 2524 2802 2620 (Ηρακληΐδα

225 2714 232 2722 ,
292 2673 308 2720 ‘.
335 2665 375 2724 ,j
440 2632 559 2699 καὶ
617 2632 929 2724 Θησηΐδα
983 2632 1102 2701 καὶ
1161 2633 1252 2700 τοι
1303 2640 1590 2702 τοιαῦτα
1642 2633 1999 2724 ποιήματα
2062 2631 2519 2724 πεποιήκασι,
2581 2638 2800 2720 quibus

337 2735 347 2755 ⁸
439 2739 821 2816 carminibus,
851 2761 1036 2823 quum
1066 2741 1317 2804 varietas
1349 2761 1555 2805 rerum
1585 2742 1747 2805 nullo
1776 2743 2013 2817 interno
2040 2741 2274 2805 vinculo
2306 2741 2646 2817 cohaereat,
2687 2741 2799 2805 sed

316 2907 353 2930 ,--
440 2837 768 2908 εοιιιιιιιιιιι
792 2854 1195 2918 connectatur,
1223 2845 1385 2927 quod
1407 2846 1586 2908 unius
1610 2844 1874 2908 hominis
1898 2864 1993 2908 res
2017 2854 2177 2920 sunt,
2200 2863 2400 2908 veram
2422 2852 2483 2907 et
2503 2845 2797 2928 poeticam

440 2948 729 3012 unitatem
769 2949 978 3013 deesse
1016 2957 1279 3031 apparet.
1364 2949 1483 3012 Sed
1523 2949 1599 3012 de
1636 2949 1928 3030 proximis
1964 2950 2159 3013 verbis
2201 2948 2503 3030 ambigere
2543 2951 2798 3012 fortasse

272 3105 291 3124 ,,
318 3061 323 3066 “
439 3050 650 3134 aliquis
679 3053 894 3134 possit,
925 3060 1123 3115 utrum
1157 3051 1566 3135 coniungenda
1589 3052 1793 3117 sintin
1816 3054 1979 3117 hunc
1999 3054 2264 3130 modum,
2293 3062 2361 3117 ut
2383 3063 2594 3135 poetae
2614 3053 2796 3117 unius

238 3183 243 3187 >
288 3137 361 3225 i?
441 3157 733 3234 temporis
765 3156 1059 3219 actionem
1093 3175 1269 3220 unam
1301 3156 1406 3220 sed
1416 3156 1822 3240 multiplicem
1856 3166 2105 3221 tractare
2134 3157 2432 3235 dicantur,
2471 3176 2546 3221 an
2588 3166 2798 3221 contra

126 3300 141 3313 .
218 3249 225 3253 ’
266 3275 313 3356 ζ·
352 3263 393 3318 ,.·’
440 3256 558 3332 sic,
610 3265 680 3320 ut
716 3257 809 3320 alii
839 3258 986 3332 sint,
1038 3260 1159 3340 qui,
1198 3279 1346 3342 quae
1383 3279 1507 3323 uno
1548 3261 1839 3343 temporis
1879 3262 2092 3343 spatio,
2102 3262 2432 3338 evenerint,
2478 3270 2798 3344 propterea
2875 3341 2882 3346 ι

292 3373 402 3446 ¹.¹
441 3360 619 3424 etiam
658 3361 971 3443 complecti
1012 3362 1211 3425 omnia
1262 3364 1436 3427 velint
1463 3364 1839 3428 necessariae
1878 3374 1980 3428 aut
2007 3366 2333 3447 probabilis
2384 3384 2587 3429 rerum
2639 3365 2798 3429 inter

168 3455 178 3468 ¹
278 3478 297 3530 ’,
439 3483 507 3526 se
535 3465 942 3528 cohaerentiae
970 3483 1179 3570 parum
1212 3467 1452 3543 curiosi,
1483 3503 1571 3515 —
1610 3469 2120 3550 quemadmodum
2161 3469 2357 3552 paullo
2389 3469 2527 3533 ante
2566 3488 2689 3533 non
2719 3470 2795 3534 ad

66 3565 291 3650 ‘2⁴''2‘5
301 3555 367 3608 ³
436 3566 818 3631 historiarum
863 3569 1051 3631 instar
1097 3579 1373 3651 poemata
1413 3572 1594 3635 scribi
1634 3572 1847 3635 debere
1886 3573 2147 3648 monuit,
2190 3609 2274 3620 —
2303 3574 2398 3637 alii
2429 3585 2652 3650 autem,
2691 3574 2794 3656 qui

255 3731 263 3742 ,
434 3687 621 3740 unam
648 3672 889 3753 quidem
919 3673 1235 3749 actionem,
1265 3673 1369 3737 sed
1400 3693 1532 3738 eam
1564 3675 1968 3757 multiplicem,
2000 3672 2389 3764 (πολυμερῆ)
2427 3685 2790 3760 proponant.

421 3773 567 3838 Hoc
591 3775 749 3840 haud
790 3775 965 3839 dubie
996 3797 1200 3841 verum
1242 3787 1362 3853 est3
1404 3777 1700 3860 siquidem
1740 3779 1801 3841 in
1841 3780 2018 3843 unius
2062 3781 2351 3863 temporis
2393 3782 2628 3845 actione
2670 3799 2791 3844 una

20 3846 61 3916 ·'
265 3905 364 3940 *a
433 3878 747 3961 multiplici
771 3898 896 3943 non
926 3890 1083 3944 certe
1112 3881 1254 3946 illud
1285 3881 1640 3965 reprehendi
1669 3889 1889 3964 potest,
1920 3884 2080 3964 quod
2111 3884 2290 3948 unius
2319 3886 2637 3967 temporis,
2680 3884 2788 3948 sed

357 3995 364 4004 ·
431 3981 575 4045 boc
590 3991 846 4060 tantum,
890 3984 1051 4068 quod
1091 3986 1397 4069 multiplex
1434 3986 1531 4050 sit.
1622 3985 1773 4049 Nam
1813 3986 1888 4050 ad
1928 3977 2194 4051 actionis
2207 3989 2497 4053 unitatem
2530 3989 2580 4052 si
2609 3988 2788 4051 etiam

89 4053 193 4140 Η...
232 4065 383 4177 (ζῆ
434 4086 724 4178 temporis
775 4089 973 4152 unitas
1012 4089 1261 4165 accedit,
1315 4090 1375 4154 id
1411 4090 1570 4154 laudi
1608 4089 1811 4171 potius
1852 4108 2031 4171 quam
2060 4092 2200 4156 vitio
2251 4093 2598 4157 vertendum
2650 4111 2787 4155 esse

41 4267 53 4274 ,
150 4197 157 4204 ’
200 4255 240 4273 ,,
266 4231 291 4244 ·-
355 4253 368 4268 ,
430 4201 695 4273 apparet.
764 4192 971 4275 Neque
1010 4193 1365 4275 requirenda
1407 4204 1499 4258 est
1538 4193 1904 4276 praepositio
1938 4190 2100 4281 περί
2136 4205 2272 4260 ante
2299 4190 2462 4279 μίαν
2505 4191 2781 4279 πρᾶξινι

100 4299 107 4306 ‘
174 4329 192 4370 ς
237 4300 257 4368 ’ζ
310 4307 371 4395 j
353 4354 363 4358 ,
427 4310 572 4357 ιιιιιιι
598 4314 666 4359 ea
696 4296 1027 4359 necessaria
1062 4296 1171 4360 ruit
1199 4297 1358 4377 apud
1401 4290 1516 4360 ἕνα
1559 4292 1792 4384 χρόνον
1821 4307 1924 4361 aut
1955 4292 2070 4362 ἕνα
2113 4290 2551 4384 (ανθρωπον),
2590 4318 2783 4382 quan-

333 4441 343 4448 ·
362 4397 745 4508 &sicquidem
791 4409 969 4481 poeta
1017 4416 1143 4463 non
1180 4401 1381 4481 ipsum
1421 4409 1664 4482 tempus
1696 4410 1800 4465 aut
1823 4402 2027 4484 ipsum
2058 4404 2366 4467 hominem
2403 4403 2632 4469 ποιεῖν
2668 4404 2785 4470 dici
