3102 4866
1350 279 1480 345 413

236 492 422 559 quum
459 472 795 556 pleniorem
837 473 1094 538 formam
1132 419 1424 537 testentur
1460 472 1828 537 accusativus
1865 475 2138 537 canticum
2173 478 2238 535 et
2263 469 2589 535 nominati-

234 598 345 643 vus
370 578 639 643 feminini
670 578 921 660 geum-is,
948 587 1016 643 ut
1043 596 1153 660 ego
1184 575 1423 660 quidem
1452 576 1727 653 arbitror,
1754 581 1986 655 τουτέου,
2009 577 2071 641 in
2096 575 2213 641 tab.
2237 575 2409 640 Bant.
2427 594 2489 638 v.
2499 575 2589 639 10
2714 642 2721 648 ,

232 693 294 748 et
323 682 437 760 23,
477 684 693 768 quibus
731 681 1108 748 adnumerari
1145 689 1348 764 potest
1384 683 1564 745 totiena
1603 681 1664 745 in
1695 682 2082 765 inscriptione
2109 679 2428 756 Veliterna,
2465 679 2592 744 sive

233 790 385 853 haec
421 788 577 853 Osca
626 798 721 853 est
757 789 881 852 sive
913 787 1218 852 Umbrica:
1262 804 1402 851 nam
1441 787 1834 852 arctissimam
1871 787 2180 870 utriusque
2213 786 2468 870 linguae
2479 804 2591 850 co-
2819 802 2847 839 1

233 893 576 976 guntionem
608 894 791 957 iniisse
818 892 963 957 satis
995 899 1248 957 constat.
1304 891 1382 956 Et
1409 891 1604 957 Oscos
1634 892 1855 975 pariter
1882 900 2058 975 atque
2079 890 2341 956 Umbros
2371 901 2592 976 synco-
2648 949 2656 956 .

234 1016 451 1080 parum
482 998 542 1061 in
571 996 997 1061 vocabulorum
1024 995 1542 1061 terminationibus
1573 995 2017 1061 amantissimos
2047 994 2249 1074 luisse,
2280 1014 2458 1079 quam
2479 993 2594 1086 alia

235 1102 421 1166 multa
453 1102 805 1177 ostendunt,
855 1110 987 1165 tum
1028 1089 1189 1184 quod
1230 1100 1295 1164 in
1333 1099 1528 1166 tabula
1558 1101 1808 1166 Bantius
1843 1121 1901 1164 v.
1929 1101 2009 1165 19
2037 1100 2282 1184 legitur,
2324 1100 2594 1185 pisceus

237 1205 490 1271 Bantius
513 1209 667 1291 fust,
706 1206 866 1288 quod
896 1205 992 1269 vix
1021 1204 1239 1286 ambigi
1268 1214 1472 1288 potest
1498 1206 1643 1288 quin
1673 1214 1834 1280 recte
1861 1206 2348 1288 interpretemur,
2375 1209 2479 1288 qui
2509 1208 2591 1285 (v.

238 1314 528 1395 quisquis)
573 1314 717 1374 civis
752 1310 1044 1375 Reatinus
1081 1313 1250 1390 εἰεθ).
1330 1310 1417 1375 Ex
1457 1310 1666 1374 eodem
1707 1328 1922 1393 genere
1957 1317 2050 1373 est
2089 1307 2253 1393 quod
2281 1307 2345 1373 in
2373 1307 2590 1371 inscri-
2627 1313 2660 1364 5
2709 1327 2714 1331 ·

238 1416 447 1498 ptione
482 1414 847 1499 Pompeiana
895 1414 1110 1497 legitur
1145 1414 1303 1497 apud
1345 1414 1567 1479 Grotef.
1597 1413 1714 1479 tab.
1739 1412 1817 1491 11,
1848 1412 2167 1478 Kvm’sstur
2191 1410 2595 1495 Pompaiim,

236 1521 497 1602 itemque
524 1519 586 1583 in
613 1517 1006 1602 inscriptione
1034 1518 1303 1602 Capuana
1333 1538 1431 1603 ap.
1465 1519 1643 1585 eund.
1671 1519 1787 1583 tab.
1820 1520 1876 1595 1,
1907 1518 1969 1596 2,
2000 1515 2423 1596 KAIIFAE,
2452 1515 2514 1580 h.
2539 1536 2592 1580 e.

242 1621 719 1688 ΚΛΠΡΛΝΣ
735 1641 845 1706 pro
862 1620 1176 1705 capuano,
1200 1622 1708 1705 quemadmodum
1733 1621 1989 1707 Campus
2016 1641 2068 1686 v,
2094 1620 2393 1707 Campam
2417 1621 2594 1685 etiam

241 1727 398 1810 apud
429 1727 721 1803 Plautum,
777 1726 941 1791 Trin.
965 1726 1045 1803 11,
1075 1729 1148 1805 4,
1182 1728 1324 1792 144.
1367 1727 1439 1791 cl.
1468 1727 1625 1792 Non.
1658 1746 1719 1811 p.
1746 1726 1873 1792 486
1901 1728 2078 1791 Mem.
2111 1724 2483 1811 Campanum
2509 1725 2596 1788 si·
2667 1789 2676 1797 ,

242 1832 508 1914 gnificat,
538 1832 797 1916 itemque
823 1831 1043 1911 Lucas,
1073 1833 1134 1897 b.
1158 1853 1210 1897 e.
1237 1832 1472 1897 Lucum
1497 1853 1533 1897 a
1560 1832 1853 1896 veteribus
1882 1831 2171 1895 Romanis
2198 1829 2476 1895 stemus
2503 1829 2600 1894 di-

243 1935 510 2013 eebatur,
545 1937 707 2000 unde
743 1937 1013 2020 elephas,
1050 1937 1112 2001 in
1144 1938 1401 2003 Lucania
1431 1938 1696 2020 primum
1726 1936 1940 2020 Pyrrhi
1967 1935 2120 1999 bello
2151 1936 2456 2017 cognitus,
2496 1934 2600 1998 bos

243 2038 435 2104 Lucas
468 2040 795 2124 appellatus
836 2050 930 2107 est
951 2044 1030 2121 ²).
1090 2041 1283 2106 Porro
1324 2043 1445 2107 buc
1471 2042 1730 2124 pertinet
1755 2040 2103 2104 Umbricum
2132 2042 2274 2123 som
2300 2059 2355 2102 v.
2382 2041 2482 2124 sos
2509 2073 2597 2100 —.-

244 2151 502 2226 utroque
545 2143 703 2207 enim
743 2144 930 2208 modo
961 2144 1022 2207 in
1052 2144 1266 2209 tabulis
1295 2144 1629 2228 Eugubinis
1661 2144 1953 2227 scriptum
1985 2143 2282 2207 invenitur
2307 2178 2420 2219 —,
2473 2143 2611 2236 sive·

244 2248 365 2312 hoc
392 2265 504 2329 pro
535 2267 607 2312 eo
639 2248 800 2330 quod
822 2259 916 2312 est
939 2248 1193 2332 formes,
1218 2249 1426 2326 bonus,
1457 2249 1582 2313 sive
1605 2267 1717 2331 pro
1738 2251 1953 2332 savem
1976 2267 2029 2311 v,
2050 2249 2262 2332 fovens
2282 2244 2570 2330 accipitur
2581 2253 2604 2309 τ’

246 2369 389 2416 nam
441 2352 784 2417 alterutrum
834 2371 1039 2417 verum
1079 2373 1213 2418 esse
1248 2354 1452 2437 negari
1489 2353 1584 2417 vix
1624 2353 1952 2438 poterit⁸):
1997 2352 2259 2436 itemque
2285 2370 2449 2435 omps
2484 2369 2598 2433 pro

163 2535 167 2538 .
248 2467 501 2539 emptus,
530 2467 803 2523 sev-mnas
839 2476 955 2540 pro
986 2463 1336 2523 terminatus
1362 2458 1427 2522 in
1456 2458 1847 2542 inscriptione
1876 2457 2157 2523 Umbrica
2186 2456 2342 2540 apud
2374 2453 2598 2519 Grotef.

245 2561 380 2624 rud.
417 2561 557 2643 ling.
598 2561 802 2625 Umbr.
843 2570 995 2643 part.
1025 2565 1053 2625 1
1090 2583 1150 2645 p.
1175 2563 1288 2639 22,
1327 2565 1393 2641 1,
1446 2563 1802 2646 quibuscum
1841 2573 1999 2627 recte
2028 2570 2412 2645 comparatur
2438 2560 2601 2625 Lati·

246 2682 395 2729 num
425 2666 695 2741 damnas,
725 2667 787 2730 h.
812 2687 862 2731 e.
897 2667 1240 2743 damnatus,
1271 2668 1429 2751 apud
1457 2668 1630 2732 lCtos
1659 2675 1720 2731 et
1745 2668 1809 2731 in
1827 2668 2033 2750 legum
2063 2666 2369 2731 formulis:
2414 2673 2483 2728 ut
2508 2671 2601 2728 ta·

247 2788 411 2834 ceam
443 2771 516 2834 de
546 2770 719 2836 Oscis
744 2770 1062 2836 verborum
1094 2772 1334 2849 formiS,
1364 2772 1571 2855 quales
1602 2782 1743 2834 sunt
1768 2774 1921 2854 fust,
1942 2774 2227 2855 sesacust,
2260 2770 2476 2844 dicuat,
2508 2769 2603 2833 da·-

248 2876 387 2951 ἀίει,
427 2876 676 2950 deivast,
717 2896 863 2958 quas
899 2877 1000 2959 qui
1030 2896 1168 2941 cum
1191 2876 1354 2953 aliie,
1392 2876 1567 2940 veluti
1599 2894 1734 2939 cum
1767 2887 2035 2940 cevtsazet
2060 2884 2120 2940 et
2147 2893 2286 2939 cum
2315 2873 2602 2940 Umbrico

243 2983 554 3066 saciarent,
593 2990 694 3046 aut
732 3001 869 3045 cum
897 2983 1105 3047 Latina
1136 2982 1453 3047 verborum
1486 2979 1874 3045 declinatione
1902 2980 2363 3063 comparaverit,
2405 2979 2605 3043 statim

245 3085 530 3168 intelliget
557 3106 591 3150 e
626 3090 783 3171 fuse!
823 3107 874 3149 v.
905 3089 1083 3171 suxit,
1115 3088 1436 3171 sesumam,
1478 3087 1725 3160 dicaret,
1766 3085 1998 3159 didiset,
2039 3085 2296 3150 deivaset
2330 3083 2604 3149 decurta-

246 3198 340 3254 tae
379 3209 534 3255 esse.
612 3243 619 3249 .

420 3294 507 3360 lta
535 3296 813 3360 mddicis
834 3316 896 3359 -v.
926 3238 1183 3361 mddtci
1205 3298 1452 3362 nomine
1479 3296 1640 3361 baud
1662 3294 2165 3377 improbabiliter,
2210 3302 2279 3358 ut
2304 3293 2484 3360 nobis
2511 3292 2606 3357 vi·

393 3578 445 3645 6)
481 3578 727 3632 Novimus
752 3579 952 3647 quidem
976 3595 1006 3633 e
1028 3580 1188 3634 Festo
1211 3598 1260 3651 p.
1284 3581 1388 3634 212
1413 3580 1595 3635 Muell.
1645 3578 1808 3633 Oscos
1828 3581 1990 3651 pitpit
2009 3593 2103 3646 pro
2126 3577 2377 3649 quidqu-‘d
2393 3579 2608 3646 dixisse,
2644 3634 2647 3638 Α

248 3664 386 3718 unde
408 3673 802 3719 consentaneum
836 3674 945 3734 est,
980 3669 1134 3721 etiem
1166 3668 1497 3722 masculinum
1527 3670 1699 3740 pispir
1729 3667 1782 3720 in
1812 3681 1911 3720 usu
1941 3666 2126 3720 fuisse:
2159 3667 2254 3720 sed
2285 3665 2402 3719 fleri
2435 3672 2605 3720 temen
2762 3663 2769 3670 '

251 3750 409 3804 nihilo
433 3752 599 3805 minus
622 3753 812 3821 potuit,
836 3760 898 3806 ut
920 3753 1075 3821 etiem
1099 3756 1316 3824 simplex
1340 3770 1621 3824 pronomen
1647 3758 1734 3826 pis
1765 3753 1945 3807 eodem
1969 3769 2124 3807 sensu
2148 3753 2435 3820 diceretur,
2457 3759 2515 3806 et
2537 3751 2611 3806 ei-

253 3844 342 3890 eut
365 3853 458 3890 nos
482 3839 532 3891 in
557 3839 730 3892 multis
755 3840 1137 3909 loquutionibns
1159 3858 1272 3896 wer
1293 3857 1443 3910 pron.
1467 3847 1774 3911 usurpemus
1799 3856 1900 3894 non
1925 3841 2297 3907 interrogativo
2322 3855 2494 3908 sensu,
2517 3836 2610 3893 sed

252 3922 546 3992 indefinito,
571 3927 700 3979 etin
725 3926 977 3980 relatione
1001 3928 1288 3998 indefinita,
1320 3929 1398 3982 ita
1421 3928 1573 3983 θιὼ
1597 3943 1794 4000 quoqne
1811 3932 1899 4000 pie
1921 3935 1979 3981 et
2001 3927 2427 3995 interrogativum
2441 3913 2607 3997 veut,

253 4017 311 4063 et
332 4011 645 4066 indefinitum
668 4027 731 4066 ec
753 4013 1041 4069 relativum.
1139 4033 1153 4050 ⁸

396 4098 444 4164 7)
481 4098 600 4153 Vid.
626 4098 797 4154 Varro
821 4100 883 4154 L.
908 4101 968 4155 L.
996 4101 1112 4167 ΧΠ,
1137 4102 1222 4169 89,
1247 4112 1304 4158 et
1324 4104 1375 4157 in
1401 4103 1778 4157 universum-de
1795 4103 1875 4156 bis
1892 4103 2212 4157 ethnicorum
2229 4103 2484 4157 nominum
2502 4101 2611 4156 for-

254 4186 353 4238 mis
378 4184 445 4238 es.
469 4184 716 4240 Niebuhr.
740 4187 802 4241 Η.
827 4185 889 4241 R.
917 4196 1037 4241 tom.
1062 4187 1099 4242 1.
1127 4198 1234 4243 not.
1261 4190 1362 4244 225
1387 4191 1468 4244 ed.
1495 4190 1547 4244 3.

396 4271 449 4341 8)
485 4272 604 4328 Vid.
628 4274 826 4329 Leaen
851 4277 915 4329 de
939 4276 1044 4330 tab.
1072 4274 1271 4345 Engub.
1296 4277 1347 4331 iu
1373 4276 1557 4332 lluseo
1587 4277 1749 4332 Rben.
1769 4274 1795 4330 1
1819 4278 1961 4346 (nnn.
1990 4275 2229 4349 1833)1›.
2253 4275 2374 4331 391.
2421 4275 2612 4331 Grote·

253 4358 390 4415 send.
414 4361 526 4415 rud.
548 4361 671 4431 ling.
694 4360 867 4419 Umbr.
890 4360 962 4418 lv
982 4378 1033 4434 p.
1058 4362 1108 4417 9.
1715 4395 1742 4409 ι
