3102 4866
1599 285 1741 352 344

474 482 711 549 solum
738 481 1003 548 bonum
1031 499 1199 546 esse
1225 479 1418 563 quod
1444 479 1849 544 honestum
1877 484 2110 554 esset,
2131 477 2339 544 valde
2368 498 2405 544 a
2435 479 2848 547 Xenoerate

474 596 549 654 et
571 585 973 653 Aristotele
1009 593 1081 651 et
1116 583 1206 649 ab
1240 583 1367 649 illa
1407 582 1749 648 Platonis
1780 581 2056 647 familia
2083 582 2582 668 discreparet,
2609 586 2688 651 de
2714 604 2846 669 quo

397 688 1371 773 -looorectestatuitBakiusp.
1404 686 1554 753 437.
1639 685 1792 776 [tem
1836 685 1913 751 de
1949 705 2018 751 re
2054 686 2458 770 pubtf1,37,
2487 688 2602 755 58·
2631 690 2848 769 Sint

477 795 732 861 Graeci
768 794 1045 872 dieunt,
1085 811 1336 858 omnes
1366 801 1489 857 aut
1518 789 1786 856 Graios
1827 797 1995 857 esse
2025 798 2145 857 ant
2174 791 2556 869 barbaros,
2582 811 2846 859 vereor
2932 872 2948 884 ·

471 918 565 967 ne
581 898 1062 965 barbarorum
1090 915 1215 962 rex
1243 896 1483 963 fuerit.
1570 895 1753 961 Plura
1789 895 1905 960 vid.
1942 914 2037 979 ap.
2076 897 2460 963 Matthiaeum
2498 896 2575 962 de
2612 899 2844 976 anaeol.

474 1023 572 1090 ap.-
599 1002 1013 1088 Cio-‚Saiptta
1040 1000 1387 1084 miseell.p.
1418 999 1525 1077 61,
1554 998 2352 1067 ethernmadeeofl.
2387 996 2444 1079 1'‚
2471 1001 2535 1079 7,
2562 1001 2846 1067 22etad

476 1107 563 1173 tr·
580 1125 673 1173 or.
697 1106 861 1173 inP.
890 1106 1058 1173 Glod.
1086 1124 1150 1189 p.
1181 1105 1377 1172 96.-
1410 1104 1589 1183 Quod
1616 1122 1803 1189 porro
1829 1103 2278 1188 legum-nostro
2305 1106 2464 1184 loeo
2489 1125 2574 1172 ex
2602 1107 2850 1172 animo

474 1210 712 1289 exuri,
739 1214 879 1276 non
902 1210 1204 1276 immerito
1245 1209 1546 1295 plerisque
1578 1207 1908 1293 displicuit:
1946 1218 2044 1303 est
2087 1210 2248 1275 enim
2286 1211 2559 1294 profecto
2595 1208 2850 1275 verbnm

473 1314 618 1381 illud
645 1315 969 1400 parumrei
998 1316 1379 1381 conveniens.
1469 1313 1627 1393 Quid
1668 1323 1867 1380 autem
1905 1314 2501 1393 restituendumsit,
2526 1313 2594 1379 in
2627 1330 2852 1397 magna

412 1438 453 1490 τ
483 1418 655 1504 eopia
684 1420 1167 1485 oonieemrarum
1194 1419 1419 1504 pariter
1445 1420 1570 1508 fere
1598 1418 2017 1503 probabilium,
2047 1418 2284 1484 difficile
2312 1420 2477 1485 dictu
2503 1428 2616 1484 est.
2700 1415 2853 1483 mi

478 1522 722 1608 quidem
762 1522 976 1588 eximi
1015 1522 1263 1607 placuit,
1300 1531 1370 1588 ut
1403 1522 1569 1606 quod
1606 1531 1859 1607 propter
1895 1523 2233 1588 simillimos
2266 1522 2599 1590 litterarum
2628 1522 2851 1588 duem

478 1626 752 1693 heillime
799 1645 939 1692 oum
981 1627 1082 1692 illo
1134 1627 1318 1693 altero
1357 1620 1684 1711 permutari
1728 1628 2020 1712 potuerit:
2066 1646 2264 1711 neque
2309 1627 2531 1693 desunt
2576 1626 2854 1710 exempla

477 1730 640 1795 verbi
665 1730 730 1795 in
756 1730 857 1798 tali
885 1750 954 1795 re
982 1730 1281 1815 usurpati,
1307 1731 1466 1796 velut
1494 1730 1812 1796 eximere
1838 1731 2115 1816 aliquid
2147 1731 2569 1807 memoriae,
2600 1737 2850 1808 curas,

479 1833 915 1929 religionem
945 1835 1165 1901 alieni
1194 1834 1539 1913 eximere,
1568 1834 1797 1919 aliaque
1834 1854 1909 1898 ex
1935 1834 2139 1901 lexicis
2166 1836 2438 1920 petenda.
2495 1833 2704 1917 Itaque
2729 1833 2857 1899 boe
2989 1833 2996 1837 ’

480 1937 547 2004 in
574 1939 961 2005 annotatione
987 1959 1121 2006 mea
1147 1940 1358 2024 posui:
1398 1957 1762 2023 quamquam
1799 1938 1864 2003 in
1893 1940 2030 2023 ipso
2071 1949 2351 2005 contextu
2387 1939 2709 2004 verborum
2746 1937 2853 2002 Gi-

481 2043 720 2110 oeronis
747 2044 838 2116 vel
863 2063 999 2111 mea
1027 2045 1117 2111 vel
1145 2043 1547 2130 typographi
1529 2043 1759 2136 incuria
1784 2044 1944 2109 exui
1973 2044 2246 2110 relictum
2276 2053 2390 2122 est,
2419 2043 2584 2127 quod
2606 2042 2854 2128 quidem

482 2147 752 2214 Nobbius
782 2166 922 2214 oum
949 2148 1080 2213 aliis
1109 2147 1468 2233 quibusdam
1497 2148 1769 2267 ᾱοᾱοηῐ,
1811 2145 1989 2212 etiam
2029 2148 2092 2212 in
2122 2148 2430 2277 oodioibus
2461 2146 2732 2213 Pansino
2762 2146 2856 2212 al·

433 2272 439 2278 ·
482 2261 615 2318 tero
643 2264 704 2318 et
731 2251 867 2318 oxr.
894 2273 932 2318 e
957 2261 1279 2337 repertum.
1372 2298 1379 2305 -
1603 2311 1609 2318 .
2823 2307 2838 2317 .

508 2397 515 2400 -
657 2357 803 2443 Cap.
827 2353 931 2443 ΠΙ,Ι
959 2355 1020 2422 8.
1052 2374 1179 2423 our
1205 2364 1293 2422 te
1307 2355 1606 2422 duobus·
1634 2365 1992 2423 contuear
2020 2356 2289 2433 oeulis,
2322 2365 2395 2421 et
2425 2374 2575 2421 non
2614 2355 2853 2420 altero

482 2470 784 2527 tantum.
867 2460 1005 2527 Hoe
1036 2470 1321 2527 tantum
1364 2479 1496 2527 non
1535 2461 1811 2545 agnoseit
1845 2461 2065 2527 Davisii
2108 2461 2359 2545 Regius,
2390 2460 2493 2546 qui
2531 2467 2629 2527 eat
2653 2479 2689 2525 e
2717 2479 2902 2545 meg

480 2563 762 2631 lior-ibus:
790 2572 850 2629 et
876 2564 1112 2631 videtur
1138 2564 1783 2649 utiqueverisimilius,
1823 2566 2090 2631 additum
2128 2585 2163 2630 a
2197 2565 2462 2652 librariis
2497 2564 2853 2630 vocabulum

485 2688 668 2755 quam
697 2669 995 2734 omissum
1017 2687 1173 2734 esse.
1260 2668 1565 2734 Abstinuit
1602 2689 1678 2735 eo
1718 2657 1923 2735 Cicero
1968 2669 2149 2735 etiam
2177 2668 2344 2747 alibi,
2382 2670 2544 2734 velut
2567 2668 2752 2735 Aead.
2777 2668 2856 2747 11,

486 2772 783 2852 43‚.132:
834 2789 980 2837 non
1017 2780 1268 2855 potest
1301 2772 1531 2859 igitur
1572 2782 1879 2857 uterque
1915 2793 2078 2838 esse
2113 2773 2440 2858 sapiens,
2489 2774 2613 2839 sed
2650 2773 2853 2838 alter.

484 2876 685 2943 Additi
715 2885 913 2942 autem
938 2876 973 2941 'a
1001 2876 1261 2942 librariis
1289 2876 1558 2941 vocabuli
1591 2866 1863 2962 exempla
1902 2878 2190 2962 quaedam
2229 2877 2504 2942 Davisius
2540 2877 2737 2943 attulit
2775 2878 2854 2942 ad

483 2981 559 3059 Π,
589 2982 709 3048 64.
758 2981 936 3059 Quod
965 2980 1200 3046 vero-in
1229 2980 1455 3065 aliquot
1483 2981 1794 3047 codicibus
1814 2983 2066 3048 verbum
2096 2990 2444 3048 contuear
2469 2981 2690 3048 iterum
2709 2989 2858 3066 post

485 3085 713 3153 altero
777 3085 1043 3170 positum
1105 3094 1225 3150 est:
1284 3085 1476 3150 miror
1533 3087 1949 3171 repetin'onem
2007 3094 2130 3152 tam
2177 3086 2570 3171 inelegantem
2609 3093 2856 3170 tamque

484 3191 752 3277 putidam
803 3189 1154 3255 Heindorfio
1204 3197 1267 3254 et
1303 3190 1523 3256 Orellio
1563 3190 1794 3275 plaeere
1834 3190 2125 3277 potuisse.
2216 3190 2435 3255 Vitium
2469 3190 2631 3255 band
2669 3190 2856 3256 dubie

486 3296 644 3361 inde
656 3304 886 3372 ortum,
915 3294 1080 3377 quod
1110 3303 1463 3361 contuear
1490 3295 1589 3360 alii
1621 3294 1754 3360 libri
1782 3296 1974 3380 priori
2005 3295 2278 3361 membro
2307 3295 2631 3373 inseram,
2668 3294 2804 3359 alii
2786 3313 2854 3360 ιιι

242 3418 259 3431 ·
372 3449 380 3456 .
489 3400 615 3464 fine
636 3399 881 3464 alterius
911 3398 1267 3470 collocatum
1296 3398 1654 3464 babuerunt.

620 3503 809 3588 -.Cap
835 3502 931 3579 lv,
968 3504 1068 3568 10.
1128 3503 1445 3569 Primum
1475 3504 1644 3582 fuit,
1673 3522 1896 3589 quum
1924 3470 2198 3571 caelum
2227 3505 2856 3589 suspexissemus,

457 3607 730 3674 statim
760 3624 893 3672 nos
921 3606 1364 3691 intelligere,
1392 3610 1557 3688 esso
1586 3610 1877 3695 aliquod
1905 3627 2200 3687 numen‚·
2219 3628 2359 3694 quo
2386 3609 2566 3674 haee
2591 3616 2858 3692 regan'·

483 3722 619 3779 tur.
705 3712 871 3776 Li'oot
896 3712 1193 3778 assentiar
1218 3712 1594 3791 Heindorflo‚
1622 3714 2070 3797 grammaticam
2107 3714 2406 3780 rationem
2435 3714 2854 3798 imperfectum

488 3816 722 3902 potius,
757 3825 1215 3897 regerentur,
1254 3816 1586 3901 postulare,
1625 3828 1828 3884 tamen
1862 3820 1982 3885 boe
2016 3836 2312 3903 reponere
2342 3827 2550 3883 contra
2581 3819 2854 3884 omnium
2953 3804 2964 3812 ’

488 3919 767 3986 ὀοᾱίοιιιιι
794 3920 1207 3986 auctoritatem
1235 3939 1363 3986 non
1400 3941 1590 3987 ausus
1619 3925 1778 3987 sum‘.
1866 3921 1976 3987 Est
2013 3922 2175 3988 enim
2213 3923 2503 3988 sententia
2541 3922 2661 3989 loci
2689 3924 2853 3989 eius-‘-

358 4118 361 4119 7
487 4028 683 4106 modi,
722 4046 876 4113 quae
910 4024 1094 4091 istum
1132 4026 1428 4092 deflexum
1459 4047 1497 4091 a
1520 4046 1737 4093 norma
1761 4028 2143 4112 gramatice
2183 4028 2354 4095 facile
2390 4047 2674 4094 excusare
2701 4046 2853 4113 pos-

487 4132 593 4208 sit,
621 4132 942 4225 siquidem,
973 4131 1133 4215 quod
1163 4131 1228 4195 in
1255 4131 1374 4196 bae
1401 4141 1569 4216 parte
1597 4132 2020 4198 enuntiationis
2051 4133 2276 4198 dictum
2307 4142 2430 4211 est,
2467 4133 2595 4216 regi
2625 4132 2849 4198 eaelum

487 4235 691 4319 aliquo
736 4237 1013 4311 numine,
1064 4253 1192 4300 non
1230 4236 1414 4300 mod'o
1455 4236 1783 4320 praeteriti,
1813 4236 1921 4301 sed
1958 4237 2142 4301 etiam
2171 4238 2506 4323 praesentis
2547 4245 2608 4302 et
2647 4236 2849 4302 omnis
2956 4323 2965 4330 ¹

489 4338 738 4402 ‘omnino
777 4338 1071 4423 temporis
1109 4346 1227 4417 σοι,
1264 4339 1493 4423 finitque
1521 4341 1612 4405 sio
1639 4340 1713 4404 ab
1742 4339 1878 4424 ipso
1907 4340 2123 4419 Balbo,
2163 4342 2332 4407 cuius
2362 4341 2657 4407 sententia
2683 4358 2853 4408 nunc
