3102 4866
1360 289 1488 353 405

252 480 316 542 in
343 479 462 542 hoc
498 477 738 560 negotio
776 480 993 544 versati
1032 490 1202 558 sunt,
1237 481 1672 546 Lfinemannus
1713 487 1773 545 et
1807 478 2328 563 Voigtlaenderus,
2365 490 2607 549 tantum

250 583 421 648 abest
457 591 526 647 ut
559 582 737 647 nobis
775 584 921 648 satis
952 585 1221 663 fecerint,
1251 577 1319 651 ut
1348 605 1425 650 ne
1452 585 1613 651 illam
1641 585 1886 670 quidem
1916 586 2111 669 ipsam
2141 606 2318 671 quam
2346 586 2606 670 primiti-

247 707 381 754 vam
412 707 548 753 esse
575 687 778 752 volunt
807 687 1296 772 significationem
1329 690 1476 755 satis
1503 701 1666 755 recte
1693 697 1795 755 aut
1816 690 2196 774 perspexisse
2224 701 2326 756 aut
2354 693 2608 756 demon·

249 801 473 857 strasse
511 794 835 858 videantur.
898 792 1308 860 Proficiscitur
1358 794 1848 878 Voigtlaenderus
1898 815 1934 859 a
1985 794 2289 886 Ciceronis
2338 796 2475 860 loeo
2512 815 2607 881 pr.

249 898 406 963 Sest-
446 916 498 963 ο.
523 897 624 973 66,
647 899 706 975 §-
735 895 877 974 138,
904 897 1008 963 ubi
1030 902 1136 983 qut·
1158 918 1287 964 rem
1308 899 1621 984 publicam
1645 903 1952 975 ntsu'nent,
1983 900 2023 964 ii
2054 901 2466 984 praedicantur
2493 922 2603 966 au-

250 1015 437 1068 ctores
473 1011 535 1066 et
573 1013 1016 1067 conservatores
1051 1003 1331 1069 civitatis:
1374 1024 1633 1088 quorum
1672 1004 1920 1069 aemulis
1960 1004 2182 1088 gloriae
2219 1006 2291 1070 de
2321 1006 2608 1090 offic-11,

251 1108 359 1184 24,
393 1106 474 1172 85
505 1106 894 1192 praecipitur,
925 1118 993 1172 ut
1022 1107 1480 1192 quibuscunque
1517 1108 1701 1173 rebus
1738 1107 1830 1173 vel
1870 1108 2033 1172 domi
2065 1109 2154 1174 vel
2191 1109 2325 1174 belli
2352 1090 2630 1193 possint,-

250 1233 381 1279 rem
409 1213 708 1297 publicam
741 1223 1013 1296 augeam.
1076 1215 1338 1290 „Auctor
1374 1213 1609 1295 igitur,“
1653 1211 1842 1289 addit,
1884 1214 2168 1296 „proprie
2203 1214 2258 1277 is
2287 1223 2400 1290 est,
2429 1221 2608 1298 quem

249 1325 548 1383 nostrates
584 1316 786 1399 prisco
826 1316 1118 1382 vocabulo
1160 1317 1458 1402 appellant
1497 1318 1611 1381 deu
1650 1315 1918 1392 Melit-er,
1959 1336 2010 1381 e.
2043 1335 2099 1400 g.
2133 1318 2233 1382 des
2261 1317 2608 1400 Roianus

246 1459 334 1471 -
363 1422 498 1487 Vult
524 1440 668 1504 ergo
698 1430 1004 1486 auctorem
1036 1422 1281 1486 civitatis
1311 1442 1449 1487 eum
1481 1421 1627 1496 dici,
1670 1420 1771 1505 qui
1811 1421 2102 1486 civitatem
2134 1423 2472 1487 commodis
2498 1443 2609 1489 au-

247 1537 406 1611 geat3
446 1545 693 1610 eamque
732 1526 1085 1591 sententiam
1123 1535 1362 1609 poterat
1397 1525 1573 1591 etiam
1614 1525 1689 1591 iis
1730 1525 1924 1590 verbis
1954 1526 2230 1604 stabilire,
2261 1527 2481 1611 quibus
2508 1527 2608 1592 Ci-

249 1651 387 1697 cero
417 1632 477 1696 in
522 1631 791 1696 Sestiana
819 1631 1018 1714 paullo
1049 1640 1185 1695 ante
1213 1632 1377 1700 illum
1408 1631 1607 1696 locum
1639 1631 1848 1709 utitur,
1879 1651 2065 1715 quum
2098 1631 2482 1715 optimatibus
2512 1634 2609 1698 in·

247 1746 340 1801 ter
368 1736 478 1800 alia
499 1736 620 1801 hoc
645 1735 869 1813 tribuit,
900 1745 966 1800 ut
991 1734 1183 1819 plebis
1205 1735 1534 1800 libertatem
1567 1743 1628 1800 et
1663 1736 1981 1802 commoda
2012 1737 2163 1800 tueri
2189 1744 2367 1820 atque
2395 1756 2610 1821 augere

246 1840 445 1906 velint.
505 1841 732 1905 Tamen
772 1858 981 1904 vereor
1019 1839 1294 1924 equidem
1326 1849 1393 1906 ut
1433 1840 1738 1906 Ciceronis
1768 1849 2027 1905 mentem
2059 1849 2219 1906 recte
2246 1851 2609 1926 assequutus

248 1947 346 2021 sit,
380 1944 864 2028 quandoquidem
895 1944 1026 2010 aliis
1053 1943 1437 2010 locis‘eadem
1465 1944 1581 2008 ista
1610 1945 1882 2028 loquutio
1912 1945 1993 2009 ita
2020 1954 2374 2029 usurpatur,
2402 1955 2471 2011 ut
2498 1965 2609 2011 au-

247 2048 426 2134 gendi
466 2048 1016 2132 significationulla
1055 2048 1308 2114 subesse
1345 2049 1641 2127 videatur,
1684 2049 1858 2128 veluti
1897 2068 2012 2133 pro
2063 2049 2275 2114 Flacco
2316 2068 2448 2134 cap.
2508 2050 2607 2125 15,

248 2154 353 2218 ubi
375 2153 756 2237 Asclepiades
771 2153 1013 2237 quidam
1028 2153 1448 2230 Acmonensis,
1481 2153 1604 2237 qui,
1623 2172 1806 2236 quum
1836 2153 1970 2236 ipse
1999 2152 2191 2231 solus,
2222 2154 2436 2219 civium
2459 2173 2606 2219 suo·

247 2278 402 2336 rum,
431 2267 500 2323 ut
527 2258 744 2337 aiebat,
776 2257 1041 2336 nomine,
1070 2257 1484 2323 testimonium
1514 2257 1579 2322 in
1607 2256 1886 2323 Flaccum
1916 2255 2177 2334 dixisset,
2207 2257 2610 2323 laudationem

246 2363 715 2428 Acmonensium
765 2361 1069 2448 publicam
1119 2362 1344 2426 elevare
1384 2371 1635 2427 conatus
1678 2371 1832 2440 erat,
1869 2370 2121 2448 propter
2172 2363 2330 2428 banc
2366 2382 2608 2429 causam

249 2488 385 2535 cum
425 2468 713 2533 itrisione·
744 2468 1104 2554 praeclarus
1156 2480 1368 2532 auctor
1406 2488 1548 2533 suae
1595 2471 1847 2532 civitatis
1883 2467 2123 2545 dicitur,
2150 2468 2212 2532 h.
2241 2488 2295 2532 e.
2324 2468 2378 2533 is
2408 2469 2503 2533 eui
2533 2469 2609 2535 de

250 2576 482 2640 civitate
510 2594 621 2639 sua
648 2583 810 2639 recte
839 2569 987 2638 fides
1017 2573 1219 2639 haberi
1246 2572 1462 2657 possit.
1523 2573 1670 2637 Item
1704 2571 1909 2638 Cicero
1950 2573 2024 2638 ad
2064 2572 2325 2638 Atticum
2356 2572 2490 2637 Vm
2511 2594 2607 2658 ep.

248 2679 289 2742 2
320 2678 395 2743 de
421 2677 620 2744 relicta
660 2698 692 2742 a
722 2678 1013 2763 Pompeio
1053 2679 1204 2744 urbe
1242 2677 1524 2762 loquens,
1563 2677 1713 2742 mim
1746 2677 1966 2762 inquit,
2003 2677 2158 2741 nihil
2192 2676 2326 2742 ulla
2353 2682 2419 2742 in
2445 2691 2611 2762 yeme

246 2803 510 2868 tanqum
539 2783 613 2847 ab
645 2783 770 2849 ullo
802 2795 1044 2849 auctore
1074 2783 1464 2867 reipublicae
1495 2803 1567 2847 ac
1597 2783 1743 2847 duce
1772 2786 2009 2867 turpius
2032 2785 2265 2867 factum
2292 2801 2413 2847 esse
2440 2784 2609 2849 vide-

247 2901 379 2964 tur,
410 2908 589 2973 quam
629 2908 669 2953 a
705 2901 908 2954 nostro
949 2893 1139 2953 amico
1176 2890 1407 2972 factum
1434 2899 1543 2962 est,
1587 2887 1687 2952 ubi
1717 2895 2022 2952 auctorem
2053 2887 2142 2951 rei
2172 2887 2443 2970 publicae
2467 2907 2607 2952 eum

248 2993 419 3069 dicit,
456 2994 626 3057 cuius
665 2993 842 3058 fldem
882 2994 1036 3058 cives
1075 2992 1139 3057 in
1177 2991 1646 3058 administranda
1677 3010 1742 3056 re
1771 2991 2007 3075 publica
2041 3000 2389 3076 sequnntur.
2448 2991 2607 3056 Alias

245 3097 647 3181 loquutiones,
675 3098 739 3161 in
770 3098 985 3181 quibus
1015 3106 1225 3163 auctor
1252 3097 1334 3162 ita
1363 3096 1597 3174 dicitur,
1629 3105 1697 3160 ut
1721 3115 1917 3180 neque
1947 3095 2137 3180 ipsam
2168 3096 2329 3161 illam
2356 3095 2608 3177 augendi

246 3212 306 3267 et
333 3202 728 3287 amplificandi
757 3202 1251 3285 significationem
1281 3202 1513 3278 habeat,
1544 3220 1743 3284 neque
1771 3200 2026 3284 aliquam
2056 3200 2199 3265 huic
2226 3200 2606 3266 coniunctam

247 3316 306 3371 et
334 3307 476 3372 hinc
503 3307 840 3391 repetitam,
879 3326 1006 3373 non
1047 3326 1202 3390 opus
1244 3315 1336 3372 est
1365 3325 1531 3371 nunc
1558 3325 1593 3371 a
1622 3305 2240 3370 mecommemorari:
2273 3314 2416 3369 sunt
2442 3305 2603 3369 enim

245 3412 535 3496 plurimae
564 3421 625 3476 et
651 3411 875 3477 nemini
903 3412 1159 3495 ignotae.
1202 3414 1395 3495 Atque
1423 3412 1535 3475 hae
1563 3410 1729 3493 ipsae
1755 3410 1819 3473 in
1848 3428 2024 3474 causa
2056 3409 2316 3488 fuerunt,
2346 3419 2414 3474 ut
2427 3409 2605 3474 verbo

248 3510 462 3599 anyer&
503 3535 629 3581 non
669 3518 816 3581 haec
853 3517 1055 3582 solum
1096 3536 1274 3600 quam
1317 3534 1534 3580 omnes
1574 3514 1960 3597 agnoscimus
2011 3512 2407 3605 amplificandi
2446 3524 2507 3579 et
2543 3514 2607 3578 in

218 3621 437 3685 ·maius
460 3620 841 3703 provehendi,
869 3621 975 3685 sed
1005 3619 1283 3705 gignendi
1313 3619 1489 3684 etiam
1519 3627 1580 3683 et
1605 3618 1977 3703 producendi
2006 3618 2358 3702 significatio
2387 3619 2606 3684 tributa

246 3724 351 3802 sit,
392 3744 512 3808 quo
554 3724 777 3790 scilicet
814 3736 1024 3791 auctor
1060 3725 1236 3790 etiam
1278 3733 1660 3808 procreator,
1692 3724 1944 3807 genitor,
1974 3724 2220 3789 effector
2247 3723 2362 3788 dici
2385 3724 2606 3807 possit.

245 3829 414 3895 Hanc
449 3840 646 3894 autem
692 3829 972 3914 gignendi
1012 3849 1061 3894 s.
1094 3828 1465 3914 producendi
1504 3829 2001 3912 significationem
2053 3828 2427 3894 manifestam
2480 3827 2608 3892 fleri

245 3932 454 3998 volunt
479 3953 574 4012 eo,
605 3934 767 4017 quod
800 3938 1011 4017 ouqern·
1035 3934 1357 4019 ipsumque
1385 3935 1638 4000 activum
1681 3952 1897 4033 augere
1936 3931 2306 3997 intransitive
2342 3950 2606 4015 usurpa-

387 4196 439 4264 5)
476 4196 618 4250 Hane
652 4198 872 4252 nominis
905 4199 1325 4268 significationem
1359 4200 1411 4253 iu
1437 4201 1617 4254 eodem
1649 4198 1743 4252 illo
1771 4196 2033 4252 Ciceronis
2056 4197 2173 4251 loeo
2198 4197 2350 4252 otiam
2377 4196 2609 4251 Ballbor-

246 4283 362 4337 nius
385 4285 621 4351 agnoseit
642 4284 679 4338 1.
703 4284 739 4338 1.
764 4300 814 4354 p,
832 4284 959 4341 248:
986 4287 1078 4340 sed
1110 4287 1156 4343 is
1190 4291 1461 4342 metm-em
1494 4294 1551 4340 et
1581 4290 1823 4340 autorem
1857 4284 2096 4339 diversae
2131 4290 2187 4338 et
2218 4283 2609 4355 signiae-tionis

246 4377 303 4424 ot
325 4371 535 4439 origini·
559 4387 677 4426 esse
698 4372 829 4429 vult.
898 4455 906 4464 ¹
