3102 4866
1386 289 1504 355 161

265 476 501 541 nullum
515 475 715 542 locum
731 470 984 543 inveniri
1003 478 1273 557 arbitror,
1302 478 1363 543 in
1396 496 1516 562 quo
1546 496 1672 542 non
1702 464 1975 544 adiuncta
1994 478 2134 544 huic
2151 478 2332 544 verbo
2354 485 2635 561 appareat

264 581 462 664 aliqua
488 590 593 646 aut
619 581 999 665 praedicandi
1028 591 1089 648 et
1113 582 1410 659 laudandi,
1436 590 1538 647 aut
1566 582 1957 667 approbandi,
1975 590 2079 648 aut
2106 572 2415 660 suadendi,
2447 600 2627 666 prae·

265 684 545 768 dpiendi,
574 685 935 752 admonendi
965 686 1336 771 significatio,
1364 686 1473 761 vel,
1501 693 1572 751 ut
1598 704 1719 751 una
1748 685 2098 751 definitione
2128 687 2327 752 omnia
2359 685 2630 770 comple·
2754 686 2763 693 ’

265 797 415 867 ctat,
446 781 655 856 αἰνεῖν
672 810 799 857 non
821 800 915 858 est
940 792 1174 857 dicere
1203 792 1548 878 simpliciter
1568 791 1660 854 vel
1687 790 2042 867 indicare,
2074 792 2181 855 sed
2203 784 2633 876 sempev-'habet

265 893 525 979 aliquam
548 895 748 961 iudicii
772 916 844 962 ac
870 897 1186 962 voluntatis
1208 896 1802 982 adsignificationem,
1833 913 1985 978 quae
2004 894 2211 959 eadem
2238 904 2333 961 est
2358 886 2632 962 etiam‘in

268 998 645 1065 substantivo
686 987 887 1079 αἶνος.
961 1000 1116 1066 Hinc
1141 1001 1374 1067 fabulae
1405 987 1588 1065 αἶνοι
1617 1000 1921 1077 dicuntur,
1958 997 2244 1084 quoniam
2278 990 2405 1064 boc
2442 1016 2631 1084 genus

267 1104 687 1169 narrationum
728 1123 968 1188 semper
1010 1104 1227 1188 aliquid
1266 1104 1569 1188 praecepti
1608 1105 1671 1167 in
1710 1119 1778 1169 se
1812 1102 2015 1169 habet:
2067 1112 2130 1167 et
2164 1103 2352 1169 Ulixis
2390 1118 2632 1186 quoque

265 1208 548 1285 narratio,
576 1207 688 1273 Od.
710 1206 862 1284 xlv,
891 1226 1071 1292 quam
1093 1208 1474 1273 manifestum
1493 1217 1589 1273 est
1606 1228 1681 1272 eo
1706 1207 1959 1274 consilio
1979 1207 2228 1285 narrari,
2256 1219 2327 1273 ut
2345 1208 2653 1272 admone-1·

265 1322 404 1377 atur
428 1312 728 1377 Eumaeus
759 1320 987 1376 vestem
1017 1312 1232 1395 algenti
1261 1312 1662 1396 praebendam
1691 1332 1856 1389 esse,
1877 1321 2213 1397 propterea
2244 1311 2320 1399 ab
2348 1311 2633 1387 Eumaco',
2750 1296 2756 1303 ’

267 1424 533 1481 mentem
564 1416 749 1482 Ulixis
778 1416 1196 1500 perspiciente,
1238 1403 1423 1495 αἶνος
1451 1416 1687 1494 dicitur,
1717 1437 1770 1480 v.
1801 1417 1947 1482 508.
1980 1418 2183 1494 Quum
2221 1423 2418 1482 autem
2450 1402 2638 1492 αἶνος

267 1519 345 1583 de
375 1521 589 1585 threno
620 1520 856 1598 dicitur,
884 1521 1043 1605 velut
1061 1522 1169 1606 Ag.
1199 1542 1254 1584 v.
1291 1520 1457 1587 1513
1489 1521 1875 1586 manifestum
1906 1530 2016 1598 est,
2044 1522 2146 1586 hic
2173 1518 2633 1604 quoque‘signi-

191 1693 200 1699 ,
263 1623 607 1689 ficationem
635 1623 886 1689 alicuius
913 1624 1253 1707 praedica
1269 1623 1495 1689 tionis
1538 1625 1823 1690 obtinere.
1849 1661 1936 1674 -
1965 1624 2120 1690 Hinc
2139 1623 2321 1707 igitur
2347 1642 2636 1709 apparere

263 1735 445 1809 puto,
491 1736 704 1793 nostro
741 1730 876 1793 loco
910 1720 1146 1794 αἰνεῖν
1156 1728 1293 1793 ferri
1325 1746 1451 1793 non
1485 1748 1700 1813 posse,
1742 1730 1847 1795 sed
1878 1729 2261 1795 scribendum
2290 1747 2452 1805 esse,
2494 1718 2538 1792 δ’
2561 1747 2635 1791 τι

262 1865 354 1879 --
380 1824 595 1913 Θέμις
622 1823 797 1897 αἰνεῖ
820 1832 882 1896 b.
912 1853 963 1898 e.
995 1833 1186 1955 quod
1219 1832 1354 1897 Fas
1394 1841 1464 1898 te
1492 1834 1736 1899 dicere
1772 1835 1864 1901 vel
1902 1835 2103 1900 iubet
2138 1834 2230 1963 vel
2242 1829 2636 1981 approbat

264 1933 398 1999 sive
415 1934 622 1999 sinit.
1191 1966 1199 1973 ·

444 2037 732 2104 Omnium
761 2039 1178 2105 vexatissimus
1206 2040 1376 2105 locus
1406 2049 1498 2105 est
1524 2061 1583 2105 v.
1620 2043 1771 2107 1052

681 2179 767 2192 —
810 2158 902 2193 -·
941 2135 1048 2209 ἔτι
1091 2139 1217 2229 γὰρ
1261 2137 1527 2210 θεόθεν
1569 2066 1969 2210 καταπνείει

679 2243 919 2314 πειθώ
962 2243 1238 2330 μολπὰν
1283 2239 1496 2313 α’λκᾶν
1538 2242 1887 2337 σύμφυτος
1930 2240 2114 2315 αἰών.
2227 2264 2231 2271 ’

267 2350 347 2415 de
383 2368 508 2435 quo
553 2351 606 2415 si
637 2351 908 2416 diversas
950 2352 1342 2437 interpretum
1380 2352 1710 2417 sententias
1750 2371 1983 2417 omnes·
2002 2371 2362 2438 percensere
2397 2352 2632 2429 vellem3

263 2455 420 2520 liber
439 2456 588 2520 mihi
610 2456 1081 2550 conscribendus
1105 2465 1281 2522 esset.
1337 2448 1686 2523 Tenuerunt
1703 2458 1976 2522 nonnulli
2005 2457 2279 2523 codicum
2289 2458 2637 2536 tectionem,

266 2578 450 2643 quam
479 2559 832 2625 Klausenius
863 2561 954 2625 sic
981 2561 1427 2644 interpretatur:
1470 2561 1576 2625 dii
1615 2580 1723 2625 me
1760 2561 1841 2625 ad
1885 2562 2278 2627 canendum
2307 2562 2635 2628 suscita-

268 2673 529 2729 verunt
555 2665 854 2749 iustique
876 2664 1228 2748 temporis
1249 2665 1557 2729 adventu
1585 2664 1931 2731 fiduciam
1953 2667 2637 2749 suppeditaverunt.

267 2767 356 2831 De
383 2768 546 2833 iusto
574 2778 848 2852 tempore
874 2788 1046 2834 mox:
1088 2787 1253 2835 nunc
1292 2771 1367 2835 de
1402 2770 1561 2834 iusta
1601 2770 1920 2835 verborum
1951 2770 2399 2836 constructione
2420 2770 2634 2836 viden-

266 2873 414 2938 dum
445 2872 574 2938 erit.
665 2873 865 2938 Unum
902 2872 1195 2938 babemus
1225 2874 1693 2951 nominativum,
1736 2866 1929 2951 αἰών,
1971 2875 2220 2939 verbum
2262 2875 2404 2940 item
2443 2893 2633 2939 unum
2664 2900 2675 2910 ·
2747 2887 2756 2895 ·

43 3047 70 3070 l
203 3047 208 3050 ,
267 2968 695 3056 καταπνείει,
733 2976 1108 3042 accusativos
1150 2986 1348 3043 autem
1389 2979 1463 3043 ab
1492 2979 1613 3042 boc
1641 2976 1822 3045 verbo
1852 2977 2188 3061 pendentes
2220 2989 2345 3044 tres
2375 2970 2634 3055 πειθώ,

264 3076 559 3163 μολπάν,
589 3072 817 3174 ἀλκάν.
903 3083 1052 3146 Non
1073 3091 1357 3166 poterunt
1379 3081 1582 3164 igitur,
1620 3081 1723 3165 qui
1751 3090 1948 3146 rectae
1977 3082 2442 3147 constructionis
2471 3071 2637 3165 leges

267 3204 508 3251 servare
527 3186 767 3264 volent,
807 3187 975 3251 aliter
1013 3188 1163 3252 baec
1187 3188 1489 3270 accipere,
1528 3205 1706 3269 quam
1744 3194 1817 3250 ut
1846 3177 2013 3249 αἰὼν
2049 3186 2177 3250 sive
2212 3194 2502 3270 tempus
2534 3186 2637 3250 in·

267 3290 502 3371 spirare
532 3291 761 3356 dicetur
788 3291 1085 3367 fiduciam,
1107 3297 1367 3369 cantum,
1395 3290 1603 3355 robur.
1692 3290 1975 3354 Additum
2007 3290 2355 3356 adverbium
2380 3279 2641 3356 θεόθεν

271 3392 662 3475 significabit,
701 3395 821 3459 boc
848 3395 976 3459 fleri
1006 3394 1303 3459 divinitus.
1395 3394 1551 3471 Quid
1583 3390 1809 3476 igitur?
1849 3395 2183 3460 deorumne
2211 3394 2459 3460 numine
2486 3394 2643 3458 hanc

266 3495 397 3559 vim
427 3496 684 3580 tempori
711 3496 996 3562 tributam
1026 3517 1163 3563 esse
1195 3498 1493 3574 dicemuS,
1546 3506 1616 3563 ut
1644 3498 1741 3563 ina
1775 3498 1889 3564 tria
1922 3495 2225 3581 inspiret?
2274 3515 2352 3563 an
2378 3490 2643 3563 θεόθεν

268 3599 347 3664 ad
383 3617 574 3666 unum
616 3601 1016 3666 accusativum
1056 3593 1294 3668 πειθώ
1329 3603 1634 3685 pertinere
1683 3602 2087 3680 censebimus,
2139 3609 2208 3668 ut
2252 3602 2638 3685 significetur,

267 3703 552 3768 fiduciam
582 3704 758 3783 iliam,
787 3725 965 3790 quam
998 3715 1238 3790 tempus
1267 3707 1536 3791 inspiret,
1566 3708 1849 3773 divinitus
1880 3708 2128 3773 inditam
2146 3704 2334 3772 esse?
2357 3705 2467 3771 Sic
2486 3722 2636 3804 ergo

268 3805 355 3873 dii
383 3807 587 3890 potius
617 3828 798 3891 quam
827 3818 1065 3894 tempus
1096 3830 1228 3876 eam
1260 3811 1561 3894 inspirare·
1586 3807 1821 3877 dicendi
1854 3822 2040 3890 erant,
2071 3812 2250 3895 idque
2280 3809 2639 3881 Klauseniufl
2713 3809 2724 3819 ’

269 3929 513 3994 quoque
541 3913 810 3978 sensisse
849 3916 1302 3998 quodammodo
1344 3916 1603 3993 videtur,
1653 3936 1841 4001 quum
1872 3917 1939 3981 in
1979 3916 2425 4000 interpretando
2466 3913 2641 3977 deos

269 4024 556 4100 tanquam
581 4017 916 4083 subiectum
934 4020 1355 4085 enuntiationis
1372 4032 1580 4103 ponat.
1637 4023 2014 4104 Quamquam
2034 4040 2148 4103 qua
2169 4021 2398 4085 ratione
2416 4004 2692 4099 reliqua

119 4174 128 4182 .
268 4119 451 4185 verba
481 4121 906 4197 construxerit,
941 4123 1107 4186 nullo
1137 4124 1322 4188 modo
1352 4125 1613 4208 perspici
1644 4133 1869 4218 potest,
1936 4123 2497 4188 -Certissimumest
2523 4139 2633 4185 au·
2669 4138 2737 4191 20

270 4231 417 4299 tem,
442 4233 666 4288 rectam
696 4244 1022 4309 sanamque
1052 4245 1260 4291 eorum
1285 4229 1799 4294 constructionem
1829 4228 2054 4295 nullam
2084 4247 2238 4292 esse.
2317 4228 2632 4292 Schutzius

278 4325 344 4389 in
361 4316 739 4493 Iit-d'minore
768 4345 909 4395 ann.
941 4329 1105 4395 1800
1146 4330 1300 4396 edita
1341 4326 1584 4398 πειθώ
1612 4332 2048 4400 nominativum
2089 4353 2225 4399 esse
2265 4331 2497 4411 statuit,
2534 4332 2636 4396 io·

443 4475 460 4492 .
2151 4439 2224 4502 11
