3102 4866
1580 330 1706 399 142

469 515 651 593 tiosa,
698 528 802 583 aut
839 539 990 604 quae
1025 520 1145 605 ipsi
1182 521 1395 586 vitiosa
1431 540 1571 588 esse
1606 524 1944 600 aederent,
1991 522 2290 606 corrigere
2325 542 2439 617 pro
2488 535 2668 612 captu
2707 542 2819 590 suo

466 634 838 702 conarentur,
864 626 1051 691 nimis
1080 646 1261 710 saepe
1288 646 1362 691 ex
1391 627 1679 693 mediocri
1706 638 1767 693 et
1805 626 2054 693 sanabili
2080 626 2322 693 rubere
2355 629 2525 694 ulcus
2554 634 2822 696 recerunt

462 728 639 812 longe
667 730 1011 813 malignius,
1051 739 1342 815 tantoque
1377 730 1453 795 ad
1493 731 1825 796 curandum
1854 730 2182 807 difficilius,
2222 740 2449 814 quanto
2487 734 2700 797 tectius
2730 742 2821 796 eet

461 833 791 917 falsamque
818 834 1087 900 sanitatis
1116 835 1376 919 speciem
1407 854 1554 920 prae
1576 825 1649 901 'se
1677 836 1809 901 tert.
1896 836 2093 920 Atque
2118 835 2234 901 hae
2261 853 2481 901 omnes
2507 846 2819 920 corrupte-

461 937 651 1001 larum
688 957 904 1004 causae
942 957 1071 1005 non
1107 958 1246 1004 raro
1286 940 1349 1003 in
1386 959 1513 1005 uno
1551 941 1885 1025 eodemque
1921 941 2563 1018 loeo'concurrerunt,
2596 949 2666 1004 ut
2693 957 2817 1004 non

433 1092 436 1097 .
461 1059 649 1106 unum
679 1050 856 1127 atque
886 1043 1138 1128 simplex
1166 1044 1372 1110 vitium
1402 1045 1673 1124 extiterit,
1701 1046 1809 1111 sed
1836 1046 2024 1112 multa
2053 1046 2213 1111 inter
2239 1066 2306 1112 se
2329 1044 2645 1111 coniuncta
2677 1043 2817 1108 alia·

459 1162 579 1227 que
604 1165 674 1210 ex
707 1147 837 1212 aliis
864 1157 1034 1224 nata,
1065 1167 1323 1232 quornm
1363 1149 1482 1214 nisi
1518 1159 1698 1233 caput
1740 1160 1801 1215 et
1838 1152 2067 1221 fontem
2096 1149 2422 1227 detexeris,
2462 1148 2818 1213 medicinam

463 1248 682 1315 trustra
709 1259 919 1315 tentes.
948 1285 1036 1300 —
1063 1251 1225 1318 Haec
1262 1253 1443 1336 igitur
1480 1254 1954 1338 corruptelarum
1996 1272 2213 1338 genera
2248 1254 2315 1331 in
2343 1251 2611 1337 Aeschyli
2650 1251 2817 1317 eodi-

439 1353 632 1453 xcibus
670 1355 904 1432 omnia,
940 1364 1003 1419 et
1038 1355 1398 1421 erebum-ime
1434 1356 1700 1441 quidem,
1745 1356 2111 1440 deprehendi
2148 1357 2322 1440 periti
2357 1354 2486 1422 non
2521 1356 2819 1438 ignorant,

461 1457 719 1540 imperiti
759 1458 1013 1524 docendi
1054 1471 1215 1525 sunt.
1300 1460 1380 1525 Et
1412 1468 1703 1544 poterunt
1739 1460 1940 1525 doceri
1980 1480 2016 1525 e
2053 1460 2433 1544 superiorum
2473 1459 2817 1525 criticorum

465 1564 938 1642 commentariis,
975 1584 1049 1629 eo
1087 1564 1369 1642 maxime,
1408 1583 1586 1648 quem
1617 1584 1653 1629 e
1681 1564 2006 1629 Godofredi
2036 1563 2364 1630 Hermanni
2405 1562 2653 1628 schedis-
2683 1572 2820 1627 ante

463 1666 771 1733 biennium
809 1668 887 1733 Μ.
926 1668 1222 1753 Hauptius
1260 1667 1474 1744 edidit,
1528 1669 1593 1732 in
1641 1688 1764 1751 quo
1800 1677 1861 1734 et
1899 1668 2173 1734 codicum
2222 1668 2553 1751 scripturas
2603 1685 2819 1731 omnes

462 1781 737 1839 accurate
775 1773 1181 1855 consignatas,
1220 1780 1282 1836 et
1319 1789 1533 1855 genera
1580 1771 1864 1837 vitiorum
1904 1773 2255 1856 plerumque
2304 1771 2587 1847 indicata,
2633 1772 2816 1835 multa

460 1875 637 1941 etiam
682 1875 917 1960 egregie
965 1874 1274 1939 emendata
1317 1873 1619 1938 videbunt.
1707 1874 1794 1938 Ac
1844 1875 1983 1938 licet
2032 1893 2113 1940 ne
2153 1875 2533 1940 Hennannus
2578 1875 2816 1959 quidem

411 2050 418 2055 ,
461 1978 664 2044 omnia
706 1988 809 2045 aut
850 1978 1327 2045 animadverterit
1380 1986 1484 2044 aut
1525 1988 1688 2042 recte
1728 1972 2092 2057 'tr-actavefit,
2141 1979 2327 2044 nihilo
2370 1979 2575 2044 minus
2616 1989 2817 2043 tamen

458 2082 641 2165 longe
674 2101 889 2148 omnes
923 2103 1242 2168 superasse
1279 2083 1567 2149 dicendus
1611 2092 1730 2160 est,
1780 2083 1882 2168 qui
1920 2092 2130 2150 nostra
2165 2081 2459 2148 memoria
2496 2084 2714 2167 partim
2753 2083 2816 2147 in

456 2186 761 2251 Britannia
787 2188 1004 2271 partim
1041 2188 1104 2252 in
1134 2186 1448 2253 Germania
1476 2187 1767 2271 Aeschylo
1807 2188 2180 2254 emendando
2222 2206 2471 2272 operam
2502 2187 2813 2253 dederunt.

390 2295 426 2349 5
462 2289 584 2354 Sed
610 2291 789 2357 nobis
819 2291 1070 2357 nuncin
1090 2292 1426 2375 Aeschyleis
1455 2291 1609 2356 locis
1637 2291 1959 2381 nfectandis
1988 2293 2151 2358 hunc
2179 2292 2453 2357 ordinem
2485 2291 2660 2375 sequi
2690 2291 2816 2375 pla·

459 2403 570 2472 cet,
601 2402 670 2461 ut
712 2416 747 2462 a
790 2395 1179 2474 facilioribus,
1221 2414 1481 2480 quorum
1525 2395 1778 2480 simplex
1806 2396 2141 2481 corruptela
2171 2405 2447 2488 certaque
2475 2395 2813 2462 emendatio

457 2508 568 2578 est,
598 2501 674 2566 ad
705 2501 1036 2566 difficiliora
1064 2500 1422 2584 graviusque
1449 2508 1733 2583 corrupta
1760 2501 2229 2584 progrediamur.

629 2589 1094 2688 Promptissima
1130 2603 1469 2668 emendatio
1491 2612 1605 2667 -est
1639 2622 1794 2667 vers.
1832 2603 2015 2669 1203.
2046 2605 2139 2670 ed.
2169 2605 2405 2682 Herm„
2436 2605 2543 2671 ubi
2572 2605 2810 2680 chorus,

455 2717 778 2793 postquam
807 2706 1203 2773 Cassandram
1227 2707 1448 2773 audivit
1474 2707 1548 2771 de
1577 2726 1763 2772 coena
1792 2707 2087 2791 Thyestae
2110 2709 2436 2792 liberisque
2463 2709 2538 2774 ad
2562 2726 2809 2774 vescen-

454 2813 601 2878 dum
615 2806 785 2897 'patri
813 2811 1146 2897 propositis
1175 2831 1315 2877 vera
1341 2811 1802 2896 praedicantem,
1831 2812 1978 2878 haec
2002 2813 2111 2877 ait:
2778 2851 2787 2858 ·

861 2966 985 3058 τὴν
1024 2964 1152 3054 μὲν
1198 2966 1496 3037 Θυέστου
1541 2966 1746 3035 δαῖτα
1788 2962 2127 3036 παιδείων
2169 2967 2378 3055 κρεῶν

791 3102 800 3112 ·
864 3070 1113 3162 ξυνῆκα
1153 3069 1275 3140 καὶ
1316 3068 1647 3163 πέφρικα,
1691 3069 1811 3138 καὶ
1853 3067 2077 3163 φόβος
2115 3067 2192 3156 μ’
2237 3064 2379 3155 ἔχει

483 3261 492 3272 ·
862 3169 1128 3268 κλύοντ’
1169 3169 1448 3267 α’ληθῶς
1490 3169 1687 3244 οὐδὲν
1727 3170 2173 3265 ἐξῃκασμένα,

454 3337 613 3414 Quid
652 3345 850 3403 autem
889 3336 1223 3420 significare
1251 3337 1520 3403 dicemus
1558 3336 1704 3401 haec
1730 3325 1924 3401 οὗδὲν
1965 3328 2428 3425 ἐξῃκασμέναῖ
2516 3336 2812 3426 ξωωείιιε

453 3441 717 3526 quidem,
761 3461 946 3526 quum
990 3442 1163 3507 vertit
1202 3459 1346 3505 non
1389 3461 1471 3505 ex
1513 3440 1934 3506 coniectura
1976 3441 2291 3525 prolata,
2337 3431 2533 3506 οὐδὲν
2572 3460 2687 3524 pro
2733 3430 2814 3505 οὔ

452 3546 675 3612 dictum
714 3566 849 3612 esse
889 3545 1125 3622 stamit,
1163 3545 1342 3610 verbo
1371 3536 1745 3623 ἐξεικάζειν
1770 3553 1969 3609 autem
2004 3563 2134 3610 eam
2177 3535 2673 3628 significationem
2703 3544 2811 3609 tri·

448 3650 608 3728 buit,
649 3669 767 3734 qna
794 3650 1049 3736 simplex
1078 3649 1318 3734 quidem
1347 3639 1645 3728 εἰκάζειν
1672 3647 1916 3724 dicitur,
1954 3658 2023 3713 ut
2050 3649 2131 3713 sit
2161 3650 2662 3714 coniecturam
2692 3668 2811 3714 ca-

451 3774 621 3840 pere
650 3762 732 3818 ex
769 3755 968 3820 notis
1007 3751 1438 3838 quibusdam
1479 3759 1696 3833 atque
1725 3750 2055 3829 indiciis,
2096 3769 2407 3836 nunquam
2436 3762 2638 3818 autem
2669 3752 2807 3817 illud

213 3853 226 3864 '
365 3937 372 3942 ,
450 3859 900 3947 compositum.-
960 3858 1114 3922 Nam
1151 3849 1520 3937 ἐξεικάζειν
1545 3873 1786 3937 semper
1814 3854 1978 3919 esti.
2012 3874 2070 3938 q.
2100 3847 2486 3938 ἐξομοιοῦν,
2516 3854 2808 3921 assimi-

444 3964 618 4039 lare,
657 3961 897 4027 simile
932 3962 1201 4038 tacere,
1231 3951 1681 4047 ἐξῃκασμένος
1707 3958 1746 4021 i.
1778 3977 1834 4041 q.
1877 3948 2145 4040 ὁμοῖος,
2186 3961 2695 4044 quemadmodum
2734 3959 2809 4024 ab

448 4052 738 4153 Aeschylo
771 4067 936 4151 Sept.
975 4073 1085 4130 ctr.
1116 4064 1306 4130 Theb.
1338 4083 1390 4126 v.
1426 4061 1553 4127 426
1592 4060 1819 4142 hilmen
1860 4061 2019 4127 Iovis
2060 4063 2277 4130 dicitur
2324 4055 2517 4130 οὐδὲν
2565 4055 2807 4150 ἐξῃκα-
2904 4095 2915 4100 -

447 4166 687 4256 operor
704 4161 1582 4258 μοσημβρινοῖσιθάλπεσιν
1598 4165 1746 4244 τοῖς
1764 4156 1989 4253 ἡλίους
2008 4168 2546 4251 haudquaquam
2569 4167 2809 4233 simile

450 4276 876 4341 meridianis
917 4274 1115 4340 Solis
1155 4271 1548 4340 caloribus.
1588 4304 1678 4317 —-
1715 4269 2031 4336 Schdtzius
2069 4281 2296 4348 autern,
2335 4273 2441 4356 qui
2474 4272 2676 4349 locum
2718 4271 2808 4338 sic

450 4379 764 4445 convertit:
816 4388 1050 4444 metus
1109 4397 1219 4442 me
1263 4381 1595 4459 occupat,
1645 4392 1812 4439 vera
1856 4381 1927 4439 te
1992 4375 2260 4452 dicere,
2310 4376 2500 4442 haud
2552 4376 2806 4445 conie-
2922 4370 2931 4376 ’
