3102 4866
1411 303 1536 368 205

301 516 555 581 μουσος
594 496 704 574 sit;
741 496 806 561 in
835 495 992 580 quali
1023 494 1514 561 subordinatione
1554 490 1917 576 copulativae
1956 489 2276 574 particulae
2302 489 2502 555 locum
2530 507 2658 554 non

301 620 439 665 esse
468 610 730 686 apparet.
789 601 875 666 lta
898 601 950 666 si
971 600 1115 666 velis
1139 600 1391 683 aliquem
1420 599 1619 663 dicere
1647 614 1773 660 non
1802 595 2130 661 multorum
2158 593 2478 660 verborum
2505 612 2659 669 esse,

301 704 410 769 sed
440 723 629 788 pauca
659 725 847 789 eaque
872 725 1012 770 vera
1042 705 1256 781 dicere,
1287 704 1348 768 in
1378 722 1495 787 qua
1527 699 1818 765 sententia
1843 698 2187 764 coordinata
2211 699 2359 763 haec
2377 697 2659 763 adiectiva

302 819 499 886 erunt,
518 810 681 875 hunc
698 821 856 876 recte
876 800 953 874 οὗ
975 805 1243 874 πολλῶν
1260 802 1474 893 λόγων
1490 794 1664 872 εἶναι
1697 804 1884 880 dices,
1915 793 2057 867 ἀλλ’
2078 793 2273 887 ὀλίγα
2294 797 2411 868 καὶ
2432 794 2665 890 ἀληθῆ

301 908 548 998 λέγεινε
579 923 785 978 contra
825 912 879 977 si
909 931 1086 996 quem
1128 913 1310 977 multa
1350 912 1621 996 quidem,
1661 909 1766 974 sed
1797 908 1861 973 in
1892 907 1986 971 his
2030 926 2217 990 pauca
2247 907 2662 972 tantummodo

305 1036 441 1082 vera
470 1020 740 1102 proferre
763 1017 940 1092 dicas,
963 1017 1126 1081 dices
1151 1036 1286 1081 cum
1306 1014 1591 1099 Euripide
1611 1014 1743 1096 lph.
1767 1013 1895 1077 Aul.
1923 1011 2087 1076 957.-
2118 998 2195 1088 ὃς
2217 1000 2383 1096 ὀλίγ’
2408 1002 2657 1098 ἀληθῆ,
2710 1027 2772 1079 15

307 1116 528 1192 πολλοὶ
574 1115 651 1186 δὲ
695 1117 921 1217 ψευᾷῆ
959 1114 1159 1205 λέγει,
1205 1118 1308 1183 ubi
1337 1119 1719 1183 manifestum
1749 1125 1843 1182 est
1872 1134 2000 1180 non
2029 1116 2301 1201 potuisse
2330 1106 2528 1198 ὀλίγα
2548 1136 2666 1179 και

309 1215 541 1310 ἀληθῆ
583 1224 726 1303 dici,
765 1242 892 1289 non
931 1223 1121 1307 magis
1151 1241 1329 1306 quam
1363 1233 1576 1288 nostro
1605 1222 1740 1286 loco
1781 1216 2042 1305 παῦρον
2068 1211 2231 1285 κούκ
2274 1209 2669 1301 α’πόμουσον

308 1347 377 1392 ea
410 1346 523 1410 qua
564 1327 946 1393 Hermannus
987 1327 1172 1392 voluit
1201 1327 1451 1391 ratione.
1514 1326 1633 1390 Sed
1674 1343 1801 1390 non
1831 1324 2021 1407 magis
2054 1323 2230 1388 etiam
2263 1323 2315 1388 si
2346 1342 2484 1388 cum
2502 1323 2668 1388 Por·

309 1449 467 1496 sono
501 1421 622 1497 οὐκ
651 1451 777 1496 non
807 1423 973 1498 κούκ
1000 1432 1161 1515 legas
1189 1430 1480 1496 sententia
1506 1428 1622 1494 loci
1654 1427 1978 1502 constabit,
2011 1447 2163 1511 quae
2191 1446 2317 1492 non
2330 1427 2528 1513 potuit
2553 1426 2673 1491 nisi

309 1534 389 1599 ita
422 1535 544 1600 rere
586 1536 809 1600 efferri:
851 1529 923 1601 ἐν
966 1531 1264 1613 πολλαῖς
1300 1530 1563 1619 παῦρον
1607 1520 1690 1596 ὃν
1737 1522 1958 1615 εῦροις
1996 1526 2077 1596 τὸ
2121 1523 2240 1597 οὐκ
2283 1522 2677 1615 α’πόμουσον

311 1639 401 1703 vel
430 1635 690 1724 παῦρον
733 1629 817 1703 ὃν
858 1630 1081 1724 εῦροις
1124 1633 1311 1723 γένος
1353 1629 1476 1702 οὐκ
1519 1626 1939 1717 ἅπόμουσον.
2027 1635 2206 1701 Nunc
2241 1644 2440 1701 autem
2487 1654 2672 1718 quum

183 1783 192 1790 -
313 1736 395 1806 τὸ
440 1739 765 1825 γυναικῶν
808 1742 1032 1806 dictum
1067 1742 1172 1816 sit,
1212 1750 1458 1824 apparet
1494 1760 1622 1827 non
1667 1741 1743 1806 de
1780 1748 1948 1824 parte
1986 1742 2409 1806 tantummodo
2435 1740 2559 1815 ‚scd
2599 1740 2675 1804 de

313 1845 594 1910 universo
625 1864 842 1928 genere
870 1845 1089 1930 aliquid
1118 1845 1464 1929 praedicari.
1528 1845 1734 1929 Itaque
1772 1844 2151 1909 retinendum
2184 1844 2423 1928 quidem
2446 1862 2674 1908 censeo

313 1938 475 2012 κοῦκ
520 1938 952 2032 α’πόμουσον,
995 1948 1118 2014 hoc
1156 1958 1358 2013 tamen
1409 1967 1532 2013 non
1581 1949 2064 2031 coniungendam
2110 1967 2247 2013 cum
2292 1944 2555 2033 παῦρον
2599 1941 2677 2011 δὲ

317 2045 532 2136 γένος,
578 2052 683 2116 sed
717 2072 855 2117 cum
895 2052 1305 2137 superioribus
1357 2046 1651 2138 πάρεστι
1693 2049 1915 2134 μοῦσα
1958 2046 2076 2116 καὶ
2120 2042 2307 2138 ἡμῖν,
2353 2061 2421 2116 ut
2471 2051 2677 2116 eadem

311 2155 461 2219 haec
490 2155 779 2246 sententia
811 2156 873 2220 in
903 2157 1021 2220 tine
1049 2156 1279 2240 periodi
1309 2165 1630 2239 repetatur,
1661 2156 1754 2220 illa
1785 2164 1985 2221 autem
2016 2155 2192 2221 verba
2231 2150 2530 2223 πάσαισι
2559 2149 2683 2240 μὲν
2754 2152 2760 2158 ’

319 2248 427 2324 οῦ·
480 2255 744 2345 παῦρον
792 2294 878 2307 -
924 2280 1145 2347 ευροις
1199 2281 1283 2323 αν
1336 2250 1506 2336 ισως
1556 2278 1670 2343 pro
1729 2261 2070 2343 parenthesi
2129 2260 2482 2345 interposita
2540 2252 2678 2325 sint.

314 2362 486 2427 ldem
516 2362 692 2427 etiam
723 2362 1060 2446 Pflugkium
1092 2363 1362 2427 sensisse
1398 2362 1526 2427 eius
1566 2364 1970 2447 interpunctio
2012 2365 2291 2431 ostendit.
2353 2366 2474 2430 Sed
2503 2384 2679 2429 versu

322 2473 535 2549 quarto
568 2464 830 2556 παῦρον
861 2460 940 2531 δέ
963 2488 1041 2531 τι
1075 2462 1156 2556 δὴ
1186 2468 1502 2551 legendum
1520 2469 1773 2546 videtur,
1797 2471 1961 2554 quod
1982 2490 2161 2554 supra
2182 2470 2477 2556 scriptum
2505 2469 2680 2535 estin

321 2569 453 2633 cod.
486 2569 661 2633 Rom.
694 2573 760 2634 Α.
822 2569 1012 2635 Ceteri
1041 2589 1404 2680 pronomen
1413 2571 1723 2636 omittunt:
1765 2567 1890 2658 γάρ
1925 2594 1992 2637 ex
2012 2573 2353 2639 coniectura
2367 2572 2683 2637 Porsonus
2737 2579 2743 2584 ’

319 2673 608 2757 scripsit.

500 2776 690 2840 Sci-ib.
723 2778 1221 2862 Grypbiswaldiae
1250 2800 1301 2845 a.
1335 2781 1392 2845 d.
1421 2779 1542 2845 vn.
1575 2780 1659 2844 Id.
1690 2780 1857 2844 Mart.
1889 2779 2395 2845 mncccxxxvl.
