3102 4866
1129 298 1499 370 Qasr
1732 363 1743 368 -
1954 364 1961 371 .
2199 268 2299 340 -“
2522 259 2760 348 “»·“’

260 511 361 557 res
389 491 523 575 ipsa
550 493 763 576 arguit.
852 494 1009 573 Quid
1039 503 1135 559 est
1165 495 1328 559 enim
1357 495 1567 562 leviter
1584 440 1813 581 posito,
1851 505 1955 564 aut
1977 474 2158 588 etiam
2173 495 2426 572 leniter,
2453 491 2620 578 quod
2754 524 2762 530 ·

258 597 438 661 habet
464 597 656 674 codex
682 595 1133 682 Glogaviensis?
1160 598 1433 664 Meliores
1462 600 1701 666 codices
1728 619 1924 687 neque
1943 576 2335 694 copulativam
2363 596 2621 664 coniun-

258 700 520 767 ctionem
548 711 897 785 agnoscunt,
925 713 986 767 et
1010 703 1463 770 collocationem
1498 706 1824 772 verborum
1861 705 2082 772 habent
2117 705 2301 770 hane:
2340 700 2489 768 Inde
2513 697 2622 767 Fr·-
2625 701 2632 702 ⁷

258 806 362 870 des
379 810 580 889 posita
614 806 825 873 leviter
862 825 1134 873 oannem
1169 809 1431 884 videtin,
1470 810 1632 875 unde
1680 809 2091 889 Heindorfius,
2134 812 2354 876 inserta
2385 806 2621 893 copula,

258 910 505 995 scripsit
521 916 725 998 posito
748 924 808 977 et
831 912 1039 977 lecim
1065 931 1353 979 cmeoeo.
1451 914 1568 979 Sed
1608 913 1786 999 longe
1813 915 2195 980 verisimilius
2220 912 2481 991 videtur,
2501 930 2623 997 po·

257 1018 375 1079 sita
399 1035 470 1080 ex
493 1021 697 1101 positu
722 1019 943 1083 tactum
973 1035 1138 1095 esse,
1167 1037 1290 1101 quo
1317 1027 1563 1103 recepto
1594 1019 1771 1084 etiam
1815 1037 2087 1085 emma
2112 1016 2331 1085 mutari
2359 1015 2619 1111 debebit,
2655 1024 2721 1080 18

256 1138 387 1185 non
415 1121 703 1204 quidem
685 1140 750 1187 ιιι
778 1139 1067 1197 coma,
1099 1122 1263 1205 quod
1288 1123 1635 1207 complures
1664 1123 1903 1188 codices
1931 1125 2213 1201 offerunt,
2241 1119 2445 1187 sedin
2473 1138 2621 1185 eon·

257 1244 465 1300 versa,
510 1226 1021 1309 quemadmodum
1059 1225 1178 1291 iam
1216 1225 1513 1292 Boherius
1539 1225 1760 1303 voluit,
1773 1245 2161 1311 quamquam
2197 1226 2253 1290 is
2281 1224 2348 1289 ιιι
2374 1223 2621 1308 reliquis

257 1346 385 1393 non
412 1330 663 1395 recessit
686 1348 722 1394 a
749 1329 981 1414 vulgata
1007 1328 1280 1395 lectione.
1365 1327 1597 1395 Leviter
1625 1346 1915 1394 conversa
1941 1337 2140 1395 autem
2168 1336 2267 1393 est
2289 1328 2329 1393 ι.
2347 1346 2412 1411 q.
2435 1325 2623 1456 paul·-

258 1430 453 1496 Ιιιῑιιιιι
478 1419 768 1498 melincta
791 1445 852 1499 et
874 1433 1198 1519 obliquata.
1871 1471 1878 1478 ·
1991 1473 1996 1482 ·

322 1560 327 1565 ·
430 1535 573 1621 Cap.
603 1537 800 1617 XLIV,
834 1539 976 1617 114,
1004 1539 1080 1605 de
1106 1536 1465 1603 Centauro.⁴

241 1643 249 1650 “
668 1641 786 1708 Hic
814 1643 1095 1709 «ιω-σωκ
1114 1662 1396 1729 porgens,
1426 1644 1767 1728 quadrupes
1794 1662 1914 1728 qua
1939 1642 2113 1709 veste
2138 1653 2406 1719 meam.
2555 1672 2592 1688 ·‘

673 1745 877 1814 Tendit
900 1759 958 1813 et
980 1747 1277 1813 illustrem
1302 1745 1673 1813 metam
1702 1747 1854 1813 cedit
1876 1748 1958 1813 ad
1985 1766 2180 1813 arm.

436 1848 611 1926 Quod
650 1848 717 1915 in
753 1851 1031 1935 plurimis
1068 1850 1235 1916 libris
1275 1851 1336 1916 h.
1375 1851 1416 1915 l.
1464 1859 1525 1915 et
1550 1850 1620 1915 in
1657 1850 1885 1916 Arateis
1927 1870 1982 1915 v.
2011 1852 2142 1916 454
2171 1851 2387 1934 legitur
2412 1850 2620 1924 coedit,

250 1951 538 2045 'equidem
566 1953 785 2020 falsum
812 1946 949 2021 esse
974 1941 1207 2022 iudico.
1281 1953 1433 2019 Nam
1469 1972 1657 2037 quum
1697 1955 1881 2020 feram
1921 1965 2208 2040 porrecta
2234 1956 2440 2021 dextra
2465 1952 2623 2019 Ceri·

204 2051 213 2060 “
262 2063 469 2121 tatu-m
506 2066 737 2141 portet,
775 2059 1086 2125 immolare
1127 2078 1261 2124 eam
1301 2057 1393 2122 sic
1426 2066 1679 2141 portans
1717 2059 1882 2123 nullo
1922 2059 2109 2125 modo
2146 2068 2380 2144 potest3
2428 2076 2624 2142 neque

206 2241 212 2246 Ι
261 2157 629 2225 nuculeum
668 2161 1021 2228 adjectivum
1063 2162 1211 2228 satis
1250 2169 1457 2245 aptum
1500 2160 1735 2227 videtur
1773 2163 1848 2228 de
1898 2162 2295 2240 sacrificante,
2335 2161 2623 2246 quoniam

261 2264 596 2330 sau-ilicare
621 2266 855 2348 pietatis
884 2263 1087 2349 potius
1115 2284 1295 2349 quam
1321 2264 1712 2330 tructssemiae
1739 2276 1850 2332 est.
1908 2267 2100 2351 Atque
2111 2265 2270 2333 hanc
2282 2266 2362 2332 ob
2376 2285 2624 2332 causam

60 2429 72 2442 ,
108 2438 113 2442 ,
228 2379 340 2431 :ne
373 2365 706 2433 Heindorfli
740 2369 985 2454 quidem
1024 2368 1533 2448 emendationem,
1569 2382 1637 2436 ut
1670 2370 1965 2437 illustrem
2011 2370 2382 2438 truculentus
2418 2370 2626 2437 caedat

262 2472 344 2537 ad
371 2490 568 2551 αναιιι,
600 2476 870 2558 quamvis
900 2474 1246 2558 ceteroquin
1267 2476 1628 2559 speciosam,
1657 2477 1922 2560 recipere
1934 2495 2138 2556 ausus,
2164 2495 2496 2561 paucorum
2511 2474 2623 2541 sed

260 2577 569 2645 honorum
599 2580 873 2646 codicum
902 2581 1219 2646 lectionem
1251 2581 1400 2646 cedit
1417 2564 1701 2663 praetuli,
1743 2579 1840 2645 cui
1869 2582 2030 2664 qnod
2062 2581 2137 2646 ab
2165 2580 2390 2646 Orellio
2422 2598 2622 2664 oppo-

260 2682 449 2759 nitur,
489 2685 761 2767 putidam
798 2704 935 2750 esse
972 2684 1385 2769 repetitionem
1424 2683 1696 2748 eiusdem
1735 2682 1927 2761 verbi,
1965 2718 2053 2732 —
2077 2682 2380 2768 praecedit
2427 2684 2621 2749 enim:

262 2785 423 2852 Cedit
449 2792 585 2872 equi
602 2800 812 2874 parter
831 2807 1176 2874 properans
1201 2787 1557 2871 ubimere
1586 2785 1791 2864 chelim
1823 2822 1911 2836 —
1937 2787 2096 2852 malo
2126 2806 2237 2871 ego
2268 2788 2622 2853 Ciceronem

260 2890 461 2956 minus
490 2890 789 2976 eleganter
814 2893 1001 2978 loqui,
1031 2912 1210 2978 quam
1241 2892 1570 2978 pugnantia
1598 2891 1812 2957 dicere.
1871 2892 2022 2957 Nam
2052 2902 2353 3028 pugnant,
2380 2901 2451 2958 ut
2475 2891 2621 2970 dixi,
2735 2904 2740 2909 ’

260 2994 415 3059 ferre
441 2994 692 3063 bestiam
718 3006 1029 3081 porrecta
1025 2999 1229 3088 dextra
1256 3006 1319 3064 et
1345 2998 1645 3064 caedere.

434 3098 831 3184 (2212.me
866 3102 1017 3167 121:
1045 3115 1113 3168 ut
1138 3107 1205 3167 ιἰι
1232 3121 1339 3167 suo
1370 3120 1630 3197 quaeque
1657 3120 1869 3185 penei-e
1903 3114 2312 3186 permaneant.
2398 3101 2624 3166 Imme-

262 3202 381 3268 rito
410 3204 685 3270 codicum
699 3205 1073 3323 optimorum
1086 3205 1258 3271 lectio
1281 3216 1639 3289 permaneat
1665 3204 1741 3271 ab
1765 3204 2049 3271 omnihus
2073 3205 2403 3271 editoribus
2424 3213 2625 3290 spreta

260 3314 376 3372 est.
463 3307 619 3374 Nam
654 3328 781 3375 non
818 3329 956 3375 raro
997 3308 1087 3374 sic
1113 3308 1322 3374 Cicero
1362 3309 1426 3373 in
1463 3308 1585 3375 hoc
1612 3329 1829 3393 genere
1857 3318 2194 3375 structurae
2222 3309 2385 3375 verbi
2404 3327 2625 3375 numo—

149 3405 159 3415 ’
238 3408 401 3476 'rum
428 3412 504 3477 ad
534 3413 893 3498 singularem
921 3413 1302 3498 pronominis
1332 3414 1397 3478 ιιι
1419 3414 1634 3479 eodem
1657 3414 1932 3479 membro
1954 3413 2157 3498 positi,
2188 3433 2369 3499 quam
2390 3415 2466 3480 ad
2486 3413 2626 3502 plu·

261 3515 456 3581 ralem
480 3518 746 3584 nominis
776 3520 841 3583 ιιι
870 3518 1182 3602 superiore
1210 3518 1484 3583 membro
1516 3517 1910 3583 accomodare
1939 3518 2166 3597 maluit,
2198 3538 2314 3603 qua
2337 3519 2414 3584 de
2432 3538 2501 3586 re
2519 3538 2626 3585 sa-

262 3619 343 3684 tis
370 3619 597 3686 dictum
625 3630 780 3688 esta
804 3623 1096 3707 Madvigio
1126 3622 1202 3687 ad
1235 3622 1299 3688 C.
1330 3623 1407 3686 de
1434 3622 1608 3687 Finn.
1638 3642 1700 3706 p.
1733 3622 1879 3688 693.
2091 3674 2099 3679 .
2601 3662 2612 3674 ·

436 3724 579 3809 Cap.
609 3724 813 3805 XLIX,
847 3727 998 3793 124:
1023 3726 1238 3792 dicitur
1266 3727 1342 3792 de
1369 3726 1613 3810 platalea
1644 3727 1843 3792 cibum
1865 3676 2212 3811 quaerente
2209 3747 2282 3793 ex
2303 3727 2623 3803 iisavibus,
2743 3748 2748 3753 ·

261 3849 414 3913 quae
441 3849 509 3896 se
522 3829 600 3895 in
630 3831 780 3897 mari
809 3840 1110 3915 mergant:
1144 3831 1425 3897 advolare
1465 3831 1625 3898 enim
1665 3831 1741 3896 ad
1779 3851 1902 3909 eas,
1946 3851 2134 3915 quum
2163 3831 2396 3916 piscem
2425 3830 2625 3915 cepis-

259 3943 424 4012 sent,
453 3942 517 4000 et
552 3954 777 4020 „usque
812 3954 880 4001 eo
911 3954 1188 4020 premere
1224 3955 1434 4011 eonem
1465 3940 1664 4019 capita
1689 3937 2012 4011 mordicus,
2043 3938 2188 4002 dum
2214 3936 2357 4001 illae
2386 3945 2627 4020 captum
2728 3946 2734 3952 ·

262 4043 615 4115 muer-ent,
643 4041 711 4105 id
736 4041 894 4124 quod
920 4044 1054 4124 ipsa
1078 4042 1461 4107 invaderet‘fl
1548 4039 1688 4104 Non
1728 4039 1914 4104 modo
1945 4039 2302 4122 probabilis,
2331 4048 2413 4104 ut
2439 4037 2625 4103 Hein-
2725 4124 2737 4137 ‘

262 4144 495 4210 dorfius
514 4146 613 4223 ait,
642 4145 753 4210 sed
783 4164 1038 4228 prorsus
1068 4145 1402 4211 necessaria
1430 4152 1525 4209 est
1553 4142 1813 4207 Walkeri
1838 4143 2176 4208 emendatio
2206 4147 2276 4207 ιἰι
2305 4144 2467 4228 quod
2493 4146 2627 4227 ipso

260 4249 596 4325 modern,
627 4268 808 4335 quam
853 4269 889 4314 a
930 4248 1095 4313 nullo
1134 4249 1362 4313 editore
1388 4255 1692 4333 receptam
1722 4266 1859 4312 esse
1888 4246 2015 4312 iure
2044 4246 2300 4312 mireris.
2386 4246 2535 4313 Nam
2564 4247 2631 4312 id

262 4353 420 4435 qaod
444 4371 645 4438 neque
672 4354 882 4421 Cicero
912 4372 1111 4438 neque
1135 4354 1453 4437 quisquam
1483 4353 1681 4419 bonus
1712 4352 1976 4437 scriptor,
2003 4351 2171 4430 dicit,
2199 4352 2315 4417 nisi
2346 4351 2443 4417 his
2471 4351 2628 4449 duo-

196 4490 206 4500 ·
346 4455 446 4522 m.
2133 4456 2219 4521 22
