3102 4866
438 460 816 546 nophontem
842 455 1302 524 etAristotelem
1322 445 1678 543 praecipuas
1706 467 1909 543 partes
1938 460 2113 526 uxori
2136 478 2485 545 assignasse
2506 463 2602 530 vel
2627 483 2703 530 ex
2730 482 2805 529 eo

440 561 1658 690 comgipotesuquodstobssustiuffi,
1683 563 2104 649 7tom.lllp.
2134 566 2805 635 1750umdixissere·

589 877 1062 945 firmissimum
1090 894 1280 961 porro
1309 893 1523 941 causae
1548 893 1701 940 suae
1727 876 2089 960 praesidium
2120 877 2515 962 Goettlmgms
2544 879 2694 946 inde
2713 899 2812 946 re-

447 981 615 1067 petit.
642 982 806 1066 quod
833 980 1164 1065 pleraque
1145 999 1211 1046 m
1238 980 1360 1046 hoc
1387 980 1802 1045 oeconomico
1809 980 2011 1046 libello
2043 1001 2183 1048 cum
2210 982 2547 1049 Aristotelis
2573 984 2810 1069 placitis

449 1087 602 1153 adeo
627 1085 1000 1171 conspirent.
1028 1095 1098 1150 ut
1124 1102 1255 1149 non
1280 1083 1524 1169 possint
1549 1103 1676 1149 non
1704 1084 1781 1150 ad
1810 1086 2019 1152 hunc
2000 1105 2207 1171 ipsum
2241 1097 2551 1153 auctorem
2580 1089 2814 1168 resen-i,
2854 1165 2860 1171 ,

345 1206 415 1262 28
449 1200 514 1257 et
539 1209 663 1257 uno
693 1190 871 1256 etiam
897 1190 1054 1268 loco,
1084 1189 1187 1274 qui
1214 1199 1312 1254 est
1337 1208 1468 1274 cap.
1495 1187 1537 1254 3
1567 1188 1673 1281 in„
1698 1190 2037 1256 Aristotelis
2066 1191 2325 1270 dictum,
2366 1191 2543 1257 Polit.
2590 1194 2650 1270 1,
2684 1198 2717 1258 1
2751 1212 2813 1276 p.

450 1287 664 1373 2714,
705 1294 872 1360 citari
908 1295 1174 1360 videatur
1210 1294 1308 1359 his
1344 1292 1573 1358 verbis:
1635 1283 2002 1359 ὑπόκειται
2045 1290 2173 1382 γὰρ
2198 1288 2408 1384 ,ἡμῖν
2445 1289 2519 1363 ἐν
2558 1285 2827 1375 ἄλλοις

449 1434 542 1449 --
566 1398 684 1465 Sed
723 1398 870 1465 satis
893 1406 1154 1464 constat
1195 1398 1676 1482 Theophrastum
1690 1446 1709 1475 ,
1756 1399 1913 1464 sicut
1949 1398 2099 1464 alios
2128 1400 2460 1466 Aristotelis
2488 1400 2817 1480 auditores,

361 1548 370 1555 ,
453 1503 516 1568 in
544 1504 640 1582 iis,
666 1501 1298 1587 quaedeiisdemcum
1327 1502 1615 1586 mafflstro
1645 1504 2011 1587 argumentis
2040 1502 2474 1582 disseruerunt,
2500 1504 2684 1570 huius
2712 1524 2797 1570 ve·

454 1607 629 1691 stigia
656 1625 932 1691 premere
968 1605 1209 1683 solitos,
1239 1615 1589 1691 tantamque
1617 1607 1951 1674 multorum
1990 1627 2063 1674 ex
2090 1607 2186 1674 his
2217 1626 2355 1674 cum
2382 1608 2702 1675 Aristotele
2730 1609 2818 1675 si·

454 1710 847 1777 militudinem
876 1711 1091 1788 fuisse,
1125 1720 1191 1776 ut
1225 1728 1354 1776 non
1393 1710 1579 1776 modo
1620 1711 1695 1777 ad
1732 1711 2119 1778 illustrandos
2148 1712 2472 1792 obscuros,
2499 1712 2612 1779 sed
2638 1713 2819 1807 etism

456 1815 533 1882 ad
561 1815 972 1881 emendandos
1001 1825 1323 1899 corruptos
1351 1816 1832 1882 Aristotelicum
1854 1816 2145 1884 librorum
2165 1817 2335 1883 locos
2363 1818 2587 1884 horum
2612 1817 2819 1883 imita·

417 1951 426 1960 ·
454 1929 656 1986 torum
686 1920 909 2005 scripta
935 1918 1203 1984 adhiberi
1229 1919 1561 2003 potuerint.
1617 1920 1745 1984 Vid.
1775 1920 2030 1987 Brandis
2058 1922 2124 1988 in
2143 1922 2297 1989 Mus.
2318 1922 2512 1989 Rhen.
2540 1924 2573 1987 1
2601 1941 2663 2006 p.
2688 1921 2818 1988 283

455 2033 516 2090 et
544 2025 741 2091 Stuhr.
771 2024 1074 2089 Aristotel.
1101 2023 1174 2088 11.
1212 2043 1275 2108 p.
1307 2023 1604 2090 80—84.
1684 2024 1754 2090 ld
1792 2024 1974 2108 igitur
2000 2046 2037 2091 a
2077 2025 2499 2111 Theophrasto
2536 2026 2717 2091 etiam
2755 2027 2821 2090 in

453 2128 720 2195 Politicis
748 2131 972 2195 factum
1000 2148 1155 2207 esse,
1183 2146 1372 2212 quum
1398 2147 1512 2213 per
1536 2149 1606 2194 se
1633 2128 1911 2195 credibile
1937 2131 2036 2208 sit,
2066 2141 2198 2195 tum
2226 2131 2317 2195 vel
2344 2151 2415 2196 ex
2455 2149 2528 2195 eo
2559 2130 2822 2213 colligas,

458 2233 622 2318 quod
647 2233 970 2317 Dionysius
997 2232 1291 2298 Halicarn.
1319 2234 1388 2297 A.
1416 2233 1491 2299 R.
1523 2233 1591 2311 V,
1621 2233 1704 2299 73
1734 2245 2101 2319 assy-unetos
2120 2254 2156 2299 a
2179 2234 2600 2320 Theophrasto
2632 2225 2823 2323 αἶρε-

459 2334 620 2415 τοῦς
640 2332 998 2425 τυράννους
1033 2337 1226 2402 dictos
1264 2356 1401 2402 esse
1435 2338 1647 2416 refert,
1684 2339 1860 2423 plane
1898 2348 1970 2404 ut
1995 2339 2070 2403 ab
2100 2339 2416 2404 Aristotele
2440 2339 2617 2432 Polit.
2646 2339 2750 2417 111,
2780 2339 2822 2405 9

461 2463 528 2528 p.
553 2444 698 2521 101,
715 2443 795 2508 21
830 2443 1052 2509 horum
1081 2443 1446 2527 principatus
1478 2432 1708 2531 αιρετή
1736 2436 2042 2531 τυραννίς
2067 2453 2343 2509 vocetur:
2393 2464 2471 2510 ex
2514 2464 2653 2529 quo
2688 2445 2823 2529 ipse

462 2548 851 2633 Goeulingius
878 2551 1065 2633 praes.
1101 2549 1178 2615 ad
1217 2549 1441 2614 oecon.
1480 2567 1541 2632 p.
1580 2547 1713 2612 xv!
1762 2548 2165 2632 Theophrasti
2212 2548 2461 2615 Politice
2511 2549 2663 2615 nihil
2702 2550 2823 2615 nisi

459 2653 941 2720 Aristoteliorum
980 2654 1304 2739 epitomem
1347 2653 1538 2718 fuisse
1584 2652 1781 2737 paullo
1818 2654 2080 2717 fortasse
2116 2652 2360 2718 calidius
2400 2653 2686 2732 coniecit3
2725 2654 2821 2719 alii

461 2766 662 2824 antem
690 2758 854 2823 hos
835 2777 1007 2842 ipsos
1039 2777 1193 2842 quos
1223 2757 1511 2823 habemus
1550 2755 1882 2821 Aristotelis
1919 2755 2313 2822 Politicorum
2350 2756 2540 2822 libros
2576 2776 2708 2824 non
2746 2758 2822 2825 ab

461 2864 720 2930 hoe·sed
745 2883 782 2929 a
810 2863 1230 2947 Theophrasto
1260 2862 1523 2946 scriptos
1553 2875 1686 2926 esse
1714 2860 1942 2945 opinati
1970 2870 2135 2926 sunt.
2191 2862 2399 2946 ltaque
2422 2880 2605 2927 nemo
2636 2864 2823 2930 mira-

459 2969 620 3034 bitur
647 2967 825 3034 etiam
855 2968 1014 3032 illam
1044 2967 1120 3032 de
1148 2967 1398 3033 naturali
1426 2966 1502 3032 ad
1542 2966 1826 3031 similium
1852 2966 2332 3050 procreationem
2360 2966 2650 3032 instinctu
2679 2986 2823 3033 sen·

460 3074 710 3139 tentiam
737 3108 826 3122 —
854 3091 1007 3156 quae
1034 3091 1112 3137 ne
1137 3072 1385 3157 propria
1414 3070 1652 3155 quidem
1683 3070 2015 3135 Aristotelis
2046 3070 2158 3136 l'uit
2183 3105 2273 3118 —
2300 3072 2366 3135 in
2393 3071 2591 3155 aliquo
2614 3072 2821 3137 Theo·

360 3204 366 3209 ·
461 3177 694 3262 phi-asti
721 3177 905 3254 libro,
934 3176 1060 3242 sive
1087 3176 1338 3242 Politico
1368 3177 1494 3241 sive
1521 3176 1658 3253 alio,
1686 3175 2060 3259 propositam
2078 3175 2283 3254 luisse,
2313 3176 2824 3260 eoquepertinere

460 3283 606 3348 illud
632 3273 1000 3348 ὑπόκειται
1028 3274 1243 3369 ἡμῖν,
1273 3281 1396 3346 sive
1422 3279 1543 3347 hoc
1570 3280 1702 3364 ipse
1722 3279 2199 3364 Theophrastus,
2229 3281 2355 3346 sive
2374 3300 2447 3347 ex
2474 3281 2604 3346 eius
2637 3282 2822 3347 scho-

461 3386 540 3452 lis
574 3385 786 3470 aliquis
825 3385 1153 3470 discipulus
1191 3385 1512 3470 scripsisse
1561 3384 1857 3450 statuitur.
1944 3384 2155 3468 Neque
2208 3384 2399 3467 magis
2449 3384 2605 3449 mira
2641 3385 2827 3451 videri

463 3499 678 3575 potest
703 3499 1038 3557 ceterorum
1076 3492 1139 3556 in
1178 3491 1568 3556 oeconomico
1619 3499 1832 3555 nostro
1881 3490 2237 3573 placitorum
2286 3507 2426 3554 cum
2465 3489 2822 3556 Aristoteliis

465 3596 890 3662 convenientia.
980 3595 1159 3674 Quod
1196 3603 1394 3660 autem
1445 3593 1864 3677 Goettlingius,
1906 3603 1975 3659 ut
2000 3592 2219 3678 aliquid
2244 3602 2449 3658 tamen
2478 3592 2552 3658 iis
2581 3613 2827 3679 quoque
2972 3581 2982 3589 ’

465 3701 845 3778 concedatur,
877 3701 979 3785 qui
1009 3700 1174 3776 olim,
1202 3698 1758 3784 quemadmodum
1741 3718 1874 3783 ipse
1896 3698 2311 3764 Philodemum
2342 3698 2642 3766 dicentem
2674 3700 2829 3777 lecit,

391 3869 400 3874 ,
465 3805 728 3871 libellum
765 3814 1044 3870 nostrum
1085 3804 1506 3889 Theophrasto
1539 3803 1837 3868 vindicare
1872 3803 2259 3882 studuerunt,
2300 3804 2630 3887 epitomam
2669 3803 2831 3869 banc

443 3929 604 3977 ‘esse
638 3909 762 3975 vult
796 3928 870 3974 ex
897 3908 1178 3975 uberiore
1217 3907 1549 3974 Aristotelis
1587 3907 1741 3973 libro
1781 3927 1817 3972 a
1856 3906 2276 3991 Theophrasto
2317 3910 2679 3973 confectam:
2707 3906 2830 3973 hoc
2880 3991 2887 3998 ι

468 4016 616 4082 mihi
654 4014 922 4099 quidem,
970 4014 1310 4079 universam
1361 4014 1488 4078 eius
1535 4013 1800 4078 indolem
1848 4021 1911 4077 et
1960 4012 2500 4079 conformationem
2550 4012 2829 4089 intuenti,

466 4122 645 4205 longe
671 4120 874 4186 minus
903 4119 1025 4184 veri
1057 4119 1250 4184 simile
1276 4119 1526 4196 videtur,
1559 4136 1739 4202 quam
1767 4117 1829 4182 id
1860 4118 2021 4201 quod
2052 4136 2235 4202 supra
2263 4116 2475 4201 posui,
2511 4126 2613 4181 aut
2641 4115 2829 4182 disci-

468 4225 594 4307 puli
624 4224 1012 4308 scriptionem
1041 4223 1196 4287 hanc
1224 4242 1360 4287 esse
1387 4244 1421 4287 e
1450 4221 1674 4287 scholis
1706 4221 2109 4305 Theophrasti
2143 4221 2491 4287 summatim
2528 4230 2591 4286 et
2622 4221 2830 4287 minus

470 4337 742 4394 accurate
767 4328 1055 4413 repetitis,
1084 4336 1204 4403 aut,
1235 4327 1287 4391 si
1311 4327 1503 4410 ipsius
1528 4325 1950 4410 Theophrasti,
1979 4326 2126 4392 nihil
2150 4325 2269 4391 nisi
2282 4325 2636 4392 subitarium
2654 4345 2829 4393 oom-
