3102 4866
1608 271 1728 335 190

496 465 640 531 tbiis
665 465 977 551 placuisse,
1004 463 1155 528 adeo
1182 460 1433 546 proprie
1456 479 1528 526 ac
1553 457 1641 524 rei
1669 459 2090 524 convenienter
2116 458 2360 537 dictum,
2388 471 2457 526 ut
2477 480 2592 545 pro
2607 479 2681 526 eo
2696 460 2846 525 alto·

492 589 628 636 rum
652 567 833 643 istud,
856 564 1176 632 uroxilium
1207 564 1356 648 ejus,
1386 582 1514 628 non
1540 563 1691 659 ipsa,
1721 561 2043 628 Corinthiis
2065 563 2364 647 placuisse
2386 564 2633 642 dicatur,
2661 584 2844 630 nemo

493 673 662 739 facilc
688 670 949 755 requirat
975 669 1096 734 nisi
1124 668 1225 753 qui
1255 686 1444 733 sensu
1465 667 1776 732 communi
1800 676 2009 732 carcat.
2050 667 2456 743 Quamobrem
2475 670 2848 754 grammatici

496 774 998 851 observationem,
1039 772 1472 837 nominativum
1501 789 1616 856 pro
1647 771 1842 837 dativo
1881 772 2152 856 positum
2188 792 2326 837 esse
2347 822 2364 849 ‚
2397 775 2683 856 equidem
2721 793 2848 840 non

493 879 569 944 ad
582 877 926 963 hancquam
959 876 1195 943 codices
1215 876 1441 941 habent
1466 876 1781 942 lectionem
1802 877 2100 960 pertinere
2124 876 2325 953 credo,
2355 877 2464 941 sed
2485 896 2624 941 cum
2648 877 2849 942 Elms-

490 981 605 1047 icio
633 991 833 1048 statuo
858 1001 999 1048 eum
1033 973 1414 1047 ἆνδάνουσα
1434 974 1614 1069 φυγή
1641 982 1874 1064 legisse,
1902 1000 2089 1064 caque
2117 979 2374 1046 verbain
2399 981 2566 1047 bunc
2592 983 2850 1048 modum
2931 1020 2941 1032 ·

494 1087 818 1171 accepisse,
836 1087 1008 1171 quasi
1020 1105 1134 1171 pro
1151 1077 1522 1174 ἆνδανούσῃ
1548 1079 1730 1173 φυγῇ
1742 1085 1896 1150 dicta
1928 1094 2150 1163 essent,
2180 1085 2551 1151 nominativo
2573 1085 2853 1152 absolute

421 1209 458 1263 4
505 1200 608 1256 aut
646 1210 758 1275 per
795 1192 1092 1276 quandam
1135 1180 1550 1256 oe'rtlmmmr
1588 1189 1809 1273 posito.
1898 1190 1984 1252 Ac
2021 1207 2098 1253 ne
2133 1190 2270 1273 quis
2301 1189 2540 1256 obiiciat
2576 1209 2751 1268 eum,
2788 1200 2855 1270 ut

502 1312 667 1360 nunc
693 1293 935 1378 quidem
962 1294 1143 1360 verba
1172 1293 1301 1358 eius
1339 1292 1563 1376 scripta
1609 1301 1835 1368 extant,
1881 1291 2068 1356 solius
2111 1293 2440 1377 participii,
2471 1312 2598 1359 non
2649 1295 2850 1372 etiam,

495 1408 564 1463 ut
590 1398 851 1474 deberet,
880 1397 1227 1463 substantivi
1256 1395 1623 1460 mentionem
1653 1396 1875 1460 facere:
1902 1394 2157 1461 dubitari
2183 1415 2309 1461 non
2334 1407 2537 1480 potest
2559 1398 2709 1483 quin
2731 1399 2853 1463 boc

496 1501 790 1567 scholium
819 1481 955 1565 cnm
984 1500 1110 1565 aliis
1138 1518 1263 1564 non
1292 1498 1499 1583 paucis
1526 1518 1560 1562 e
1589 1497 2008 1564 vetustioribus
2031 1502 2480 1566 commentariis
2499 1513 2855 1586 excerptum

443 1620 458 1632 ·
496 1606 578 1671 sit
603 1604 678 1669 ab
703 1604 951 1669 bomine
987 1604 1137 1669 satis
1175 1603 1449 1681 indocto,
1501 1603 1604 1685 qui
1640 1621 1827 1687 quum
1869 1603 2189 1668 lectionem
2226 1604 2411 1669 bodie
2449 1606 2752 1689 vulgatam
2788 1608 2855 1671 in

446 1762 454 1769 .
494 1708 901 1792 suo-exemplo
925 1707 1235 1782 inveniret,
1264 1707 1516 1790 ideoque
1538 1702 1720 1796 φυγῇ
1738 1725 1865 1772 non
1886 1702 2068 1797 φυγή
2088 1709 2377 1793 scriptum
2400 1710 2646 1789 videret,
2670 1711 2854 1775 buius

494 1811 764 1878 vocabuli
803 1811 1176 1877 mentionem
1219 1811 1282 1875 in
1324 1810 1716 1876 describendo
1762 1810 1992 1876 scholio
2038 1813 2428 1879 omittendam
2474 1815 2737 1880 duceret.
2766 1848 2855 1864 -·

497 1917 728 1994 Quodsi
756 1917 832 1981 de
858 1916 1206 1999 antiquitate
1241 1914 1397 1980 illius
1435 1914 1708 1980 lectionis
1747 1933 1874 1979 non
1913 1915 2144 1981 videtur
2181 1917 2434 1983 dubitari
2473 1938 2690 2003 posse,
2730 1920 2853 1984 iam

495 2022 572 2087 de
597 2021 1082 2106 interpretatione
1118 2018 1440 2084 videndum
1467 2029 1590 2084 est:
1643 2037 1824 2103 quam
1864 2019 2102 2103 quidem
2130 2021 2412 2086 Elmsleio
2454 2022 2657 2088 minus
2697 2023 2857 2089 bene

498 2126 755 2191 cessisse
789 2124 1141 2190 indicamus.
1229 2123 1349 2187 Per
1383 2123 1828 2208 appositionem
1874 2124 2037 2189 enim
2076 2125 2223 2190 baec
2257 2125 2433 2190 verba
2470 2116 2861 2192 ἆνδάνουσα

498 2221 679 2317 φυγή
718 2229 832 2294 dici
872 2227 1168 2293 existimat
1210 2228 1419 2292 eadem
1457 2228 1715 2305 ratione,
1762 2247 1879 2312 qua
1930 2228 2084 2293 infra
2122 2249 2177 2294 v.
2224 2229 2420 2294 1217:
2470 2230 2733 2296 κεῖνται
2778 2227 2861 2296 δὲ

499 2327 719 2416 νεκροὶ
748 2332 918 2410 παῖς
942 2351 1019 2396 τε
1046 2325 1165 2395 καὶ
1195 2323 1401 2418 γέρων
1428 2326 1657 2419 πατὴρ
1685 2325 1926 2411 πέλας,
1958 2329 2258 2421 nostum}
2290 2329 2654 2420 δακρύοισι
2683 2354 2863 2419 συμ-

496 2429 696 2526 φορά,
726 2444 788 2500 et
812 2433 1107 2500 Heraclid.
1136 2454 1189 2497 v.
1220 2435 1334 2500 70:
1366 2424 1592 2500 ἱκέται
1622 2426 1682 2499 δ’
1721 2425 1907 2514 ὄντες
1944 2425 2268 2522 α’γοραίου
2308 2432 2488 2517 Διὸς
2522 2435 2863 2523 βιαζόμε-

497 2541 646 2606 aaa
660 2536 781 2606 καὶ
799 2534 1013 2627 στέφη
1028 2529 1394 2621 μιαίνεται,
1425 2531 1698 2604 nolam?
1731 2529 1996 2619 ὄνειδος
2023 2535 2144 2606 καὶ
2172 2538 2360 2606 θεῶν
2388 2534 2663 2625 ἀτιμίαι
2695 2564 2860 2628 quo-

498 2663 638 2709 rum
664 2644 941 2710 locorum
971 2644 1124 2710 banc
1151 2644 1444 2707 rationem
1483 2663 1621 2707 esse
1657 2653 1931 2727 apparet,
1966 2653 2033 2710 ut
2070 2663 2223 2729 quae
2259 2665 2370 2729 per
2405 2649 2863 2731 appositionem

498 2749 726 2813 adiecta
772 2756 940 2823 sunt,
990 2746 1065 2809 dc
1116 2753 1246 2811 toto
1298 2747 1605 2811 enuntiato
1657 2748 1858 2831 priore
1912 2749 2345 2831 praedicentur.
2434 2749 2670 2817 Scilicet
2708 2753 2862 2818 illud

497 2853 731 2936 ipsum,
783 2849 945 2933 quod
983 2857 1155 2932 pater
1183 2868 1320 2914 cum
1350 2849 1469 2915 filia
1509 2849 1874 2916 exanimatus
1913 2852 2088 2930 iacet,
2129 2872 2304 2918 casus
2335 2854 2550 2919 dicitur
2578 2853 2861 2922 lacrima-

494 2955 651 3033 buis,
663 2954 962 3037 huiusque
975 2953 1292 3036 praedicati
1313 2971 1492 3019 causa
1514 2973 1587 3019 ac
1606 2955 1755 3019 ratio
1785 2954 1851 3020 in
1877 2976 1951 3020 eo
1981 2956 2117 3040 ipso
2141 2957 2303 3040 quod
2332 2958 2707 3024 enuntiatum
2727 2972 2860 3027 erat

496 3058 694 3146 posita
722 3067 838 3124 est.
889 3059 1150 3143 itemque
1179 3056 1339 3141 quod
1371 3057 1671 3142 supplices
1703 3058 1996 3124 violantur
2021 3080 2093 3126 ac
2120 3070 2279 3126 serta
2306 3061 2685 3145 polluuntur,
2734 3065 2859 3130 hoc

496 3163 700 3248 ipsum
739 3147 1036 3229 eiusmodi
1074 3171 1193 3239 cst,
1242 3169 1312 3225 ut
1347 3161 1514 3227 urbis
1545 3162 1803 3228 dedecus
1841 3183 1911 3228 ac
1938 3163 2188 3231 deortnn
2225 3165 2445 3232 iniuria
2481 3166 2599 3232 dici
2637 3170 2856 3253 possit.

479 3269 575 3333 -Δι
599 3286 738 3332 vero
769 3267 832 3332 in
870 3287 974 3343 eo,
1014 3267 1176 3351 quod
1204 3265 1406 3331 Medea
1434 3264 1791 3332 Corinthum
1822 3279 2230 3364 concesserat,
2268 3270 2419 3336 nibil
2458 3281 2555 3336 est
2590 3291 2700 3338 cur
2735 3274 2859 3338 hoc

498 3372 738 3437 exilium
776 3370 1097 3437 Corinthiis
1135 3371 1371 3454 placere
1421 3370 1537 3435 dici
1587 3371 1813 3454 possit3
1869 3374 2261 3455 quamobrem
2309 3375 2411 3440 tali
2462 3376 2857 3460 appositioni,

495 3477 727 3561 qualem
754 3475 1074 3556 Elmsleius
1105 3475 1326 3550 statuit,
1352 3474 1553 3539 locum
1580 3494 1709 3540 non
1736 3476 1921 3541 husae
1947 3476 2225 3543 arbitror.
2312 3478 2392 3545 Et
2415 3488 2635 3558 tamen,
2662 3500 2857 3565 quum

495 3599 690 3665 nequo
718 3579 793 3646 ad
825 3571 1242 3645 ἅπίπτωσιν
1268 3596 1468 3662 neque
1509 3579 1588 3643 ad
1628 3579 1935 3645 absolutos
1974 3582 2377 3659 nominativos
2417 3585 2741 3668 confugere
2778 3586 2857 3650 li·

495 3694 640 3762 ccat,
669 3703 782 3770 per
808 3683 1248 3768 appositionem
1277 3682 1373 3756 illa
1395 3682 1572 3746 verba
1602 3682 1754 3748 dicta
1778 3703 1916 3748 esse
1945 3696 2251 3770 opportet,
2276 3707 2483 3754 verum
2505 3690 2587 3754 ita
2616 3697 2685 3754 ut
2704 3690 2861 3756 baec

493 3787 793 3874 appositio
835 3806 962 3852 non
1003 3788 1077 3853 ad
1105 3796 1302 3854 totum
1345 3786 1744 3865 enuntiatum,
1794 3788 1900 3852 sed
1939 3788 2016 3854 ad
2054 3790 2394 3857 subiectum
2430 3794 2855 3859 tantummodo

491 3892 799 3979 pertineat.
890 3890 1241 3957 Subiectum
1279 3899 1481 3955 autem
1509 3891 1890 3972 grammatice
1929 3892 2173 3975 quidem
2216 3895 2419 3962 Medea
2449 3905 2571 3962 ests
2608 3905 2856 3962 senten-

495 3997 641 4063 tiam
693 3997 750 4062 si
800 4006 1070 4080 spectes,
1120 4013 1251 4060 non
1299 3995 1446 4060 baec
1502 3992 1632 4057 sola
1680 4001 1798 4072 est,
1847 3995 1958 4059 scd
2011 3996 2193 4063 simul
2232 3998 2409 4064 etiam
2467 3999 2717 4065 maritus
2750 4015 2858 4068 'ac

491 4101 683 4170 liberi.
747 4085 757 4093 ⁶
793 4100 981 4165 Nam·
1008 4094 1302 4186 Μήδεια
1367 4092 1507 4177 ξῦν·
1540 4088 1732 4185 ἀνδρὶ
1789 4093 1910 4162 καὶ
1963 4093 2286 4172 τέκνοισι,
2322 4103 2466 4186 quid
2534 4110 2630 4167 est
2692 4103 2857 4170 aliud

492 4226 674 4291 quam
726 4197 1016 4293 Μήδεια
1066 4200 1186 4269 καὶ
1239 4193 1278 4269 ὁ
1329 4193 1494 4289 ἀνὴρ
1543 4194 1665 4266 καὶ
1712 4196 1801 4266 τὰ
1846 4196 2088 4270 τέκναῖ
2169 4207 2347 4283 Quod
2397 4225 2583 4289 quum
2629 4206 2710 4271 ita
2756 4210 2858 4289 sit,

492 4311 690 4405 potuit
747 4308 926 4373 etiam
987 4308 1216 4392 apponi
1275 4323 1507 4388 nomen
1569 4303 1966 4392 collectivum,
2015 4308 2088 4374 ad
2148 4309 2413 4374 Medeam
2471 4310 2655 4382 simul
2711 4331 2857 4378 cum
2950 4303 2963 4320 ⁴
