3102 4866
1495 352 1515 362 κ
1564 311 1650 378 56

1757 405 1821 414 -ι-

439 502 793 570 huiusmodi
828 505 1283 591 explicationem
1327 515 1429 570 aut
1469 506 1915 573 excusationem
1950 505 2222 590 requiro,
2249 506 2576 593 locumque
2608 507 2793 584 illum,

436 609 576 675 lieet
615 628 813 694 neque
853 611 928 676 ab
967 610 1232 675 Hesiodo
1271 629 1467 695 neque
1512 611 1587 676 ab
1640 613 1840 696 aliquo
1868 612 2098 677 Boeoto
2142 612 2389 690 sactum,
2430 630 2559 678 non
2599 611 2792 697 magis

314 734 330 748 ·
440 723 639 780 tamen
668 723 1012 799 propterea,
1041 735 1219 798 quam
1248 717 1419 781 aliam
1450 717 1721 801 quamvis
1751 725 1854 782 aut
1879 716 2281 783 ωτι-3110))-
2309 727 2414 783 aut
2438 718 2792 802 descn'ptio·

437 838 598 896 nem,
626 838 699 884 ex
751 819 869 883 hoc
919 838 1100 903 opere
1151 822 1446 887 tessellato
1497 822 1928 888 removendum
1978 842 2113 887 esse
2161 821 2432 887 dixerim.
2519 821 2794 887 Getemm

434 922 734 990 veteribus
767 923 986 989 miticis
1017 932 1154 990 ante
1181 926 1565 993 Plutarchum
1583 977 1598 1005 ,
1630 935 1920 1015 qnantum
1951 928 2191 1011 quidem
2219 947 2255 992 e
2281 926 2527 992 scholiis
2555 914 2797 1009 intelligi

432 1032 663 1112 potest,
696 1045 893 1112 neque
930 1029 1262 1097 Lenaeonis
1302 1051 1527 1097 nomen
1559 1052 1756 1115 neque
1792 1032 1951 1098 alind
2004 1034 2330 1117 quidquam
2369 1033 2434 1095 in
2471 1031 2583 1096 hac
2632 1040 2800 1114 parte

435 1132 717 1198 carminis
742 1132 1173 1200 dubitationem
1196 1137 1471 1202 iniecisse
1491 1136 1751 1216 videtur,
1779 1138 1841 1202 in
1863 1156 1988 1203 uno
2011 1146 2241 1202 tantum
2265 1137 2445 1202 verbo
2468 1128 2799 1220 μυλιόων-

435 1254 568 1316 τες,
597 1258 653 1303 v.
686 1237 836 1316 530,
868 1238 1071 1305 Grates
1096 1241 1365 1307 haesisse
1382 1243 1600 1306 dicitur
1626 1250 1686 1307 et
1712 1236 2170 1325 μαλκιόωνεες
2197 1240 2608 1325 rescripsisse:
2638 1259 2676 1304 a
2703 1259 2800 1321 re·-

437 1343 806 1408 centioribus
827 1353 1024 1409 autem
1047 1346 1468 1428 grammaticis,
1496 1345 1826 1423 Eustathio,
1850 1346 2205 1431 Etymologo
2228 1347 2326 1424 M„
2351 1346 2554 1422 Suida,
2570 1344 2801 1409 Zonara

437 1449 691 1533 aliisquo
727 1449 1037 1533 complura
1086 1469 1161 1517 ex
1189 1451 1303 1516 hac
1330 1460 1499 1534 parte
1537 1451 1812 1528 citantur,
1843 1450 1974 1516 sine
2004 1451 2137 1517 ulla
2149 1452 2393 1517 alicuius
2437 1448 2800 1533 suspicionis

401 1576 411 1584 ·
441 1553 891 1639 significatione.

554 1658 1029 1724 Nat-rationem
1058 1660 1134 1725 de
1166 1659 1462 1737 Pandora,
1495 1680 1547 1724 v.
1581 1660 1902 1739 48-105,
1930 1661 2293 1726 recentiores
2322 1660 2511 1726 critici
2537 1660 2803 1745 plerique

356 1747 367 1761 ’
439 1765 818 1839 damnarunt,
849 1781 1044 1847 neque
1070 1781 1213 1828 sane
1242 1764 1617 1838 diffitendum
1640 1774 1735 1830 est
1763 1785 1888 1833 non
1909 1786 2034 1832 uno
2057 1767 2303 1831 nomine
2330 1786 2464 1832 eam
2494 1784 2628 1831 esse
2650 1765 2802 1829 vitu-

440 1869 784 1955 perandam.
845 1867 969 1933 Sed
990 1876 1256 1933 veterum
1287 1877 1487 1933 tamen
1518 1871 1861 1936 criticorum
1885 1871 2221 1937 notationes
2245 1871 2439 1936 nullae
2460 1887 2802 1935 memoran-

350 2042 355 2047 ,
441 1981 557 2051 tur,
583 1982 818 2058 praeter
846 1973 956 2038 has
986 1982 1129 2038 tres.
1181 1973 1453 2039 Primum
1485 1975 1560 2039 ad
1592 1994 1642 2039 v.
1677 1975 1782 2052 79,
1813 1969 1883 2040 ἐν
1911 1967 1976 2041 δ’
2010 1967 2399 2064 ἄρα’φωνήν
2423 1971 2602 2062 θῆκε
2622 1970 2806 2040 θεῶν

342 3140 407 3196 u

441 2072 667 2166 κῆρυξ.
750 2072 966 2145 Τοῦτό
1005 2100 1184 2159 τινες
1226 2076 1547 2165 περιττόν
1589 2097 1832 2168 φασιν·
1875 2071 2007 2169 ἤδη
2039 2076 2164 2166 γὰρ
2198 2071 2237 2146 ὅ
2264 2073 2659 2173 ’Ἠφαιστος
2689 2072 2801 2144 δέ·

450 2179 661 2249 omer
703 2175 910 2271 αὐδήν
949 2185 1039 2271 τῇ
1082 2176 1349 2269 γυναικί
1358 2204 1373 2248 t
1433 2204 1653 2268 nempe
1695 2204 1876 2250 versu
1926 2185 2040 2260 61,
2086 2184 2188 2248 ubi
2241 2183 2539 2249 Vulcanus
2592 2203 2628 2247 a
2671 2183 2807 2247 Iove

450 2288 682 2354 mulieri
713 2279 1088 2373 ἀνθρώπου
1134 2279 1342 2376 αὖδήν
1384 2290 1590 2355 indere
1619 2290 1874 2355 iubetur.
1933 2290 2371 2372 Proponuntur
2399 2288 2613 2353 deinde
2657 2287 2807 2351 duae
2941 2312 2945 2316 ·

446 2392 826 2459 detensiones
844 2442 861 2468 ,
889 2394 1069 2458 altera
1097 2393 1272 2459 haec:
1312 2387 1376 2461 εἶ
1420 2389 1496 2461 δὲ
1538 2388 1659 2461 καὶ
1700 2397 1900 2462 τοῦτο
1943 2388 2216 2481 γνήσιον
2259 2385 2364 2481 εἴη
2407 2387 2531 2459 τοῦ
2564 2382 2803 2458 ‘How'-

446 2495 591 2576 ὅου,
637 2493 758 2564 τὸν
781 2489 1175 2586 Ἥφαιστον
1215 2495 1298 2564 τὸ
1343 2491 1625 2585 ὄργανον
1668 2494 1944 2586 ἐροῦμεν
1994 2491 2379 2584 ὑποστῆσαι
2422 2491 2503 2561 τὸ
2545 2486 2799 2580 ἄλογον,

448 2593 546 2668 δι’
592 2589 674 2667 οὗ
717 2594 998 2667 δύναται
1040 2595 1615 2691 συμφθέγγεσθαι
1657 2601 1759 2692 τῷ
1800 2598 2003 2689 λόγῳ,
2050 2598 2168 2669 τὸν
2211 2597 2287 2668 δὲ
2321 2594 2567 2689 Ἑρμῆν
2609 2591 2803 2686 αὐτήν

449 2703 684 2773 δοῦναι
733 2702 855 2794 τήν
909 2700 1194 2789 δύναμιν
1233 2702 1353 2796 τὴν
1395 2705 1737 2795 λογοειδῆε
1791 2709 2002 2788 altera,
2050 2707 2198 2772 alius
2247 2705 2532 2792 auctoris:
2576 2696 2803 2792 ῥητέον

449 2797 570 2878 οὖν
611 2802 705 2889 ὥς
746 2806 839 2895 τὸυ
868 2807 989 2894 μὲν
1031 2804 1430 2876 ἐνδιάθετον
1471 2805 1736 2891 suavos,
1782 2806 1864 2876 τὸ
1908 2806 1984 2876 δὲ
2025 2804 2450 2898 προφορικόν
2493 2799 2533 2874 o‘
2566 2801 2804 2894 (Ερμῆς

447 2908 817 3004 ἐντίθησιν.
885 2915 1001 2980 Sed
1033 2925 1304 2981 neutram
1334 2916 1578 2999 probari
1602 2934 1788 2999 posse
1816 2923 2083 2999 apparet,
2106 2914 2402 2998 siquidem
2427 2905 2599 3002 αὗδή
2614 2930 2804 2996 neque

451 3016 534 3086 τὸ
578 3014 983 3086 ἐνδιάθετον
1026 3019 1360 3112 siguificare
1399 3027 1617 3103 potest,
1655 3020 1802 3084 1).ο.
1855 3022 2147 3084 rationem
2203 3020 2556 3102 tacitamque
2588 3016 2802 3081 mentis

455 3125 908 3208 cogitationem,
946 3143 1136 3209 neque
1165 3143 1306 3189 vero
1346 3124 1816 3189 instrumentum
1854 3125 2016 3190 vocis
2057 3123 2176 3187 ab
2158 3142 2304 3207 ipsa
2319 3142 2464 3188 voce
2494 3123 2802 3195 diversum,

454 3229 562 3295 sed
594 3237 690 3294 est
730 3220 904 3318 αὐδή
941 3230 1090 3294 nihil
1119 3228 1273 3294 aliud
1304 3229 1423 3293 nisi
1451 3248 1566 3292 vox
1596 3229 1814 3293 mentis
1846 3228 2229 3312 cogitationes
2257 3244 2646 3311 expromens,
2684 3226 2807 3290 sive

454 3327 653 3419 λόγος
694 3327 1317 3423 προφορικόςῖἳ).
1358 3329 1666 3398 Immerito
1727 3332 1906 3416 igitur
1959 3332 2296 3415 Lennepius
2361 3318 2515 3397 hanc
2571 3329 2806 3395 alterius

298 3471 314 3489 ·
454 3438 806 3505 scholiastae
846 3439 1398 3534 interpretationem
1417 3438 1746 3522 adoptavit·
1774 3456 1969 3522 neque
1997 3436 2391 3520 Goettlingius
2421 3454 2622 3501 verum
2651 3434 2808 3511 dicit,

452 3562 641 3629 quum
681 3533 892 3631 αὐδήν
936 3543 1173 3626 quidem
1229 3562 1475 3607 vocem
1526 3543 1943 3621 humanam,
1992 3535 2222 3629 φωνήν
2273 3551 2467 3607 autent
2518 3540 2809 3605 suadem

450 3667 586 3714 esse
625 3648 767 3713 vult.
856 3648 1097 3713 Rectius
1137 3647 1473 3712 iudicarunt
1502 3646 1796 3724 Rankius,
1835 3645 2240 3724 Vollbehr-ius,
2273 3646 2563 3730 Heyerus,
2605 3645 2698 3710 illa
2740 3644 2811 3709 de

457 3752 753 3820 Mercurio
783 3747 1011 3841 φωνήν
1052 3752 1287 3818 mulieri
1316 3751 1694 3836 impertiente
1727 3749 1801 3815 ab
1823 3750 2248 3835 interpolatore
2276 3769 2408 3816 esse
2435 3751 2548 3815 rati
2566 3752 2693 3828 ²³).
2725 3782 2815 3796 -

453 3859 525 3924 ln
553 3857 758 3923 eadem
783 3856 896 3921 hac
923 3857 1261 3922 narratione
1281 3874 1409 3922 non
1438 3854 1653 3921 iniuria
1673 3853 1847 3919 multi
1870 3854 2068 3918 mirati
2090 3863 2252 3932 sunt,
2286 3851 2427 3938 quid
2449 3849 2812 3936 esset,'quod

453 3964 516 4028 in
569 3961 730 4027 dolio
772 3961 1113 4045 Pandente,
1162 3969 1559 4046 posteaquam
1610 3959 1763 4023 mala
1818 3957 2018 4026 omnia
2066 3958 2430 4035 evolassent,
2482 3958 2636 4041 Spes
2687 3954 2816 4020 sola

589 4139 693 4207 22)
714 4138 791 4193 Cf.
823 4154 953 4209 quae
987 4139 1050 4191 de
1085 4134 1457 4204 significatione
1493 4133 1728 4189 vocabuli
1768 4091 2030 4187 subtiliter
2061 4148 2093 4185 a
2127 4131 2387 4187 Nitzschio
2423 4132 2560 4185 dicta
2594 4135 2714 4183 sunt
2750 4128 2816 4181 ad

367 4203 375 4212 ι
456 4224 1054 4302 Odyss.to1n.111.pfl.

591 4312 678 4382 23)
716 4314 833 4369 vid.
868 4312 1053 4367 Rankii
1088 4311 1295 4366 dissert.
1334 4311 1760 4365 Hesiodische
1795 4309 2080 4422 Studien.
2157 4306 2415 4374 Goetting.
2453 4303 2603 4359 1840.
2638 4320 2688 4375 p.
2732 4302 2813 4356 19.

462 4399 726 4458 Vollbehr.
752 4417 802 4472 p.
830 4400 915 4454 32.
939 4415 1015 4469 sq.
1061 4400 1206 4470 neye
1208 4415 1252 4451 r
1279 4415 1327 4469 p.
1352 4398 1438 4451 22.
1521 4469 1533 4481 .
