3102 4866
472 515 838 584 samninus
867 514 1259 582 conveniens:
1290 534 1435 582 nam
1461 536 1576 584 nec
1602 518 1866 585 certabat
1889 536 1970 582 ea*
1988 533 2126 582 cum
2157 513 2424 592 fortiore,
2451 514 2559 581 sed
2591 514 2828 582 hman-

467 621 708 695 tabstm·
737 630 987 698 tantum,
1015 639 1130 686 nec
1157 623 1417 689 dedecus
1443 632 1546 689 aut
1576 624 1845 690 dolorem
1874 631 2114 706 ereptae
2136 619 2440 697 victoriae,
2467 620 2577 685 sed
2604 629 2828 686 certam

469 743 678 790 necem
718 723 834 790 sibi
869 726 1245 809 propositam
1288 727 1663 811 querebatur.
1749 726 1800 793 Ε
1837 726 2269 792 recentioribus
2310 723 2528 790 enticis
2575 723 2675 789 alii
2711 725 2828 790 bos

375 835 439 892 18
474 848 685 895 versus
723 830 1212 913 transponendos
1251 841 1611 898 censuerunt
1651 842 1796 918 post
1833 852 1887 897 ν.
1926 830 2081 908 212,
2130 829 2356 896 scilicet
2400 848 2478 893 ne
2515 829 2831 914 accipitris,

468 933 577 999 sed
622 934 814 1017 ipsius
843 943 1059 1018 poetae
1086 944 1470 1020 praeceptum
1499 937 1825 1014 videretur,
1864 936 1962 1001 alii
1988 954 2064 1001 ne
2091 934 2563 1019 transpositione
2589 934 2832 1018 quidem

470 1055 631 1122 opus
658 1056 795 1103 esse
822 1038 1179 1106 iudicarunt.
1228 1039 1369 1125 lpse
1395 1049 1596 1106 autem
1625 1041 2004 1107 Aristarchus
2034 1041 2290 1105 sortasse
2316 1056 2445 1103 non
2470 1038 2704 1121 negavit
2722 1058 2833 1104 eos

467 1160 505 1206 a
531 1150 712 1226 poeta
739 1142 1021 1208 hocloco
1051 1145 1288 1226 positos
1316 1163 1470 1224 esse,
1498 1145 1608 1211 sed
1637 1155 1797 1211 reete
1823 1145 2059 1230 positos
2087 1163 2224 1209 esse
2249 1143 2504 1228 negavit.
2582 1124 2835 1209 Constat

469 1246 646 1313 enim
687 1246 925 1312 obelum
963 1248 1038 1313 ab
1076 1268 1149 1314 eo
1188 1266 1315 1314 non
1365 1250 1440 1315 iis
1491 1239 1688 1315 solum
1739 1249 2012 1314 versibus
2062 1249 2408 1333 appositum
2456 1267 2624 1325 esse,
2675 1267 2831 1332 quos

468 1352 746 1436 spurios,
798 1352 908 1417 sed
957 1351 1137 1417 etiam
1187 1372 1342 1436 quos
1393 1354 1598 1419 minus
1648 1353 1994 1436 probandos
2037 1372 2173 1418 esse
2208 1353 2595 1436 significaret,
2638 1371 2834 1438 neque
2946 1392 2958 1401 ·

468 1456 707 1542 primus
734 1455 1015 1521 Horatius
1045 1457 1223 1523 etiam
1252 1458 1589 1524 Homerum
1615 1477 2047 1542 nonnunquam
2079 1457 2439 1522 dormitasse
2468 1457 2737 1523 credidit.
2795 1500 2802 1511 ·

543 1588 549 1593 ·
642 1558 1103 1644 Subiunguntur
1136 1561 1417 1647 deinceps
1447 1563 1648 1655 multa·
1673 1562 1946 1646 variaque
1988 1581 2230 1627 morum
2280 1568 2626 1645 praecepta,
2676 1580 2829 1644 quae

467 1683 685 1749 parum
713 1665 871 1730 inter
895 1684 964 1731 se
995 1667 1311 1732 cohaerere
1328 1683 1410 1731 ne
1429 1665 1709 1732 Heinsius
1733 1667 1971 1750 quidem
2003 1666 2304 1731 diffitetur.
2367 1660 2465 1730 Τὸ
2493 1661 2832 1743 πλεῖστον,

470 1769 554 1836 ait
580 1769 645 1834 in
673 1779 1026 1851 argumento
1056 1788 1266 1853 graeoe
1293 1770 1539 1853 scripto,
1568 1791 1630 1855 p.
1661 1773 1782 1836 701
1827 1772 2074 1848 Loesn.‚
2112 1767 2246 1835 τῶν
2287 1760 2662 1857 ὑποθηκῶν
2699 1766 2836 1834 τῶν

471 1867 776 1941 §naz-90
818 1869 1143 1957 κειμένων
1184 1866 1226 1940 ὁ
1265 1870 1604 1963 χαρακτήρ
1648 1867 2100 1963 ἀφοριστικός
2139 1869 2288 1941 ἐστι
2330 1868 2451 1939 καὶ
2494 1865 2837 1954 &nolanos

474 1971 597 2043 καὶ
637 1969 999 2056 ἀσύνδετος
1050 1967 1145 2056 ὥς
1186 1970 1453 2043 ἐπίπαν
1495 1970 1535 2043 ὁ
1577 1972 1792 2063 λόγος.
1879 1979 1957 2044 Et
1991 1989 2240 2062 apparet
2271 1998 2399 2044 non
2437 1980 2624 2044 modo
2651 1998 2834 2063 quam

470 2083 708 2149 difficile
764 2083 938 2150 fuerit
984 2083 1197 2169 primis
1250 2081 1515 2167 Operum
1572 2083 1987 2150 collectoribus
2039 2084 2174 2150 talia
2223 2082 2517 2168 probabili
2568 2084 2835 2167 quodam

469 2187 681 2253 ordine
724 2187 1076 2270 disponere,
1129 2187 1236 2251 sed
1274 2186 1451 2252 etiam
1491 2206 1672 2270 quam
1723 2188 1982 2272 proclive
2034 2198 2246 2271 postea
2287 2183 2832 2273 interpolatoribus,
2918 2202 2925 2208 ·

397 2336 403 2341 -
469 2291 656 2356 multa
693 2291 926 2374 passim
967 2305 1229 2355 assuere.
1318 2289 1437 2356 Sed
1474 2300 1743 2356 veterum
1785 2291 2129 2358 criticorum
2165 2293 2507 2358 notationes
2535 2293 2715 2359 etiam
2759 2295 2835 2360 ad

430 2395 643 2462 ,bano
681 2404 915 2480 partem
972 2413 1309 2479 perpaucae
1362 2403 1529 2472 sunt,
1580 2413 1838 2478 quarum
1891 2413 2036 2472 una,
2095 2396 2160 2461 in
2218 2396 2408 2463 schol.
2467 2397 2540 2463 ad
2593 2416 2649 2461 v.
2700 2398 2831 2466 274

468 2508 824 2579 memorata,
874 2518 1002 2565 non
1050 2499 1527 2584 interpolationis
1579 2500 1991 2584 suspicionem
2042 2502 2270 2585 prodit,
2322 2502 2429 2567 sed
2482 2511 2713 2568 tanttun
2754 2504 2828 2568 ad

471 2605 655 2671 unius
713 2605 984 2671 vocabuli
1043 2623 1226 2670 usum
1286 2605 1542 2687 pertinet
1592 2605 1666 2670 ab
1716 2604 1962 2670 Homeri
2023 2607 2307 2671 sermone
2364 2605 2650 2671 alienum:
2731 2601 2829 2672 To*

471 2707 790 2797 σημεῖον3
812 2712 893 2788 ²),
926 2700 1033 2774 ὅτι
1079 2698 1416 2773 offcium
1439 2697 1736 2795 Ὅμηροᾴ
1775 2701 2017 2790 νόμον
2058 2696 2233 2774 εἶπε.
2292 2711 2402 2795 Est
2430 2710 2547 2774 boc
2575 2711 2831 2776 sortasse

471 2831 547 2877 ex
573 2809 896 2877 Aristonici
937 2802 1249 2899 σημείοις
1281 2801 1617 2877 (Ησιόδου
1647 2810 1943 2893 petitum²
1962 2814 2042 2890 ο),
2078 2813 2240 2878 unde
2270 2812 2603 2879 observatio
2640 2833 2828 2896 quae·

472 2916 640 2993 dam,
679 2916 758 2981 de
794 2916 988 2981 forma
1015 2913 1287 2979 vocabuli
1314 2911 1604 2995 λοχεοῒο,
1656 2914 1833 2978 etiam
1872 2914 1936 2978 in
1973 2916 2162 2980 schol.
2213 2917 2287 2982 ad
2327 2918 2556 2999 Theog.
2595 2937 2648 2980 v.
2704 2917 2827 2983 178

470 3020 716 3086 fluxisse
742 3018 925 3085 videri
952 3025 1177 3104 potest.
1197 3051 1284 3066 -
1313 3017 1432 3082 Sed
1462 3017 1710 3102 spurios
1738 3018 2044 3083 nonnullis
2072 3019 2238 3083 visos
2259 3039 2397 3084 esse
2425 3020 2578 3084 duos
2602 3038 2829 3096 vassus,

471 3123 571 3209 qui
611 3133 758 3189 sunt
785 3124 932 3190 244.
965 3123 1119 3200 245,
1156 3141 1230 3187 ex
1257 3121 1453 3187 Procli
1483 3122 1716 3187 scholio
1748 3121 2020 3205 colligas:
2074 3119 2183 3188 δεῖ
2224 3117 2300 3188 δὲ
2340 3116 2709 3189 συνάπτειν
2747 3117 2829 3189 τὰ

560 3253 563 3260 ·
718 3222 921 3311 λιμὸν
963 3218 1135 3311 ὁμοῦ
1177 3221 1296 3290 καὶ
1337 3218 1588 3307 λοιμόν,
1635 3215 2215 3312 ἀποφθινύθωσι
2260 3221 2338 3292 δὲ
2377 3218 2554 3305 λαοί,

473 3327 659 3414 (τοὺς
695 3323 766 3398 ἐν
805 3326 1091 3408 πολλοῖς
1130 3322 1535 3451 φερομένους
1577 3322 1701 3392 δύο
1744 3320 2014 3409 στίχους
2054 3320 2486 3419 ὑπερβάντος)
2528 3325 2652 3395 καὶ

717 3425 795 3524 ἢ
788 3432 1016 3520 τῶνγε
1056 3426 1342 3520 στρατὸν
1385 3421 1587 3550 ευρύν.
1619 3421 1983 3512 ἀπώλεσεν,

376 3552 440 3607 19
474 3536 595 3607 καὶ
635 3535 723 3606 τὰ
767 3531 1063 3628 ἑξῆςυ).
1152 3537 1305 3602 Nam
1344 3554 1529 3620 quum
1570 3535 1643 3600 in
1692 3535 1947 3601 multis
1999 3537 2435 3622 exemplaribus
2487 3538 2619 3604 illos
2670 3540 2824 3604 duos

608 3785 696 3855 27)
733 3786 822 3840 Sic
853 3792 997 3839 recte
1033 3784 1084 3838 in
1107 3784 1254 3838 codd.
1280 3783 1549 3853 scriptum,
1582 3783 1851 3837 subaudito
1877 3784 2079 3839 scilicet
2100 3784 2261 3838 verbo
2286 3781 2656 3858 παράκειται,
2693 3786 2827 3857 quod

468 3891 633 3944 gnus
653 3873 869 3943 dicendi,
890 3871 979 3927 vel
1002 3887 1033 3926 e
1055 3869 1271 3926 Venetis
1293 3873 1344 3924 in
1367 3871 1641 3924 Homerum
1674 3864 1884 3924 scholiis
1920 3871 2268 3940 notissimum,
2299 3873 2461 3925 miror
2479 3888 2511 3925 a
2537 3870 2827 3927 Gaisi'ordio

405 4035 411 4040 .
470 3969 527 4017 et
551 3959 847 4018 Vollbehr-io
881 3960 1168 4027 ignoratum
1199 3974 1344 4027 esse,
1385 3958 1469 4028 qul
1501 3964 1810 4027 receperunt
1839 3973 1908 4011 ex
1942 3957 2138 4012 Heinsii
2171 3960 2489 4040 coniectum:
2525 3959 2693 4014 τοῦτο
2728 3973 2830 4026 ση-

468 4054 812 4203 {afflighem
836 4135 1018 4189 Lebrs.
1042 4134 1107 4186 de
1131 4133 1415 4187 Aristarcli.
1440 4134 1575 4187 stud.
1599 4131 1743 4186 Hom.
1770 4148 1818 4201 p.
1844 4132 1930 4185 20
1901 4139 2028 4203 e.tp
2057 4134 2106 4185 7.

608 4222 695 4290 2⁹)
732 4223 893 4276 Deest
913 4222 1071 4289 vulgo
1089 4220 1358 4290 copulas
1294 4235 1358 4273 aa
1360 4227 1638 4273 teret-sum
1653 4219 1892 4283 alterum,
1917 4220 2368 4296 quanaddiditvo
2338 4220 2550 4273 ollbebr.
2592 4218 2827 4272 Alterum

474 4309 709 4363 meudun
729 4325 819 4362 τοι
800 4312 936 4369 ῒ--ς
965 4309 1317 4384 φερομένοις
1346 4306 1446 4360 ian
1472 4304 1903 4376 wyttenbachius
1926 4308 2186 4377 correxit,
2210 4309 2273 4400 ad
2298 4306 2554 4360 Plutarch.
2580 4311 2686 4359 to-
2706 4303 2773 4373 V,
2796 4305 2829 4358 2

475 4412 526 4469 p.
553 4393 673 4451 767.
