3102 4866
1369 284 1495 352 m
1585 248 1597 361 J

0 32 566 473 ξ

170 416 580 585 firmemus?
625 476 816 553 Quod
854 494 1044 560 quum
1080 476 1161 541 ita
1202 475 1310 553 sit,
1349 480 1601 558 apparet
1640 473 1942 556 profano,
1993 489 2068 535 ex
2100 466 2220 535 illis
2263 482 2415 550 quae
2448 461 2606 534 Hm.-

21 534 168 611 '‘·
231 598 510 657 ,mannus
547 579 746 646 attulit
776 580 1236 665 haudquaquam
1275 579 1530 663 liquere,
1582 575 2091 659 quemadmodum
2127 580 2188 638 et
2223 588 2343 655 qua
2373 568 2608 658 tntissuq

245 684 624 768 Aeschylus
601 703 672 750 m
697 685 869 751 tertia
897 683 1093 751 fabula
1121 683 1549 750 Prometheum
1576 679 1842 746 solutmn
1868 678 2092 744 iecerit.
2152 676 2231 742 Et
2266 671 2633 758 expositum

243 787 577 852 became
617 797 741 867 eet,
784 788 1002 855 iisdem
1038 788 1312 854 versibus
1351 786 1572 864 (antis,
1609 782 1977 866 librimeip.
2008 780 2125 857 23,
2165 783 2667 864 quampartmt-

245 891 634 959 Hermannus
669 912 884 959 rursus
925 892 1091 977 quasi
1130 911 1257 959 non
1299 893 1586 977 scripum
1625 889 1861 956 silentio
1886 885 2361 973 praetermisit..
2374 882 2612 953 Nonne

244 995 545 1063 videbitur
571 1006 770 1063 autem
797 995 1144 1061 huiusmodi
1170 997 1409 1063 silentio
1440 1009 1514 1063 et.
1525 992 2001 1061 dissimulatione
2029 1008 2247 1055 causae
2272 1006 2425 1056 suae
2450 958 2613 1071 apud

247 1119 478 1184 aequos
515 1100 753 1166 iudices
802 1100 942 1183 plns
969 1101 1265 1166 nomisse
1316 1119 1498 1185 quam
1549 1093 1902 1184 promisse?
1938 1130 2029 1144 —
2071 1094 2265 1159 Porro
2316 1088 2615 1161 mue-tati

246 1203 412 1269 Iovis
434 1202 811 1269 Hei-mannus
841 1223 915 1269 eo
943 1204 1287 1269 consultum
1319 1204 1622 1287 opinatur,
1655 1201 1817 1286 qnod
1837 1217 1964 1266 non
1994 1197 2252 1282 gratuito
2280 1192 2617 1263 liberam-it

249 1307 703 1384 Prometheum,
735 1308 854 1385 ‚sed
885 1307 1023 1375 dato
1055 1308 1172 1373 sibi
1202 1307 1492 1391 piamenti
1527 1308 1665 1372 loco
1696 1305 1986 1381 Chirone,
2027 1301 2130 1387 qui
2171 1301 2328 1367 illius
2358 1296 2617 1368 actuum

248 1429 393 1476 nem
443 1410 905 1477 immortalitatis
957 1430 1103 1476 suae
1152 1410 1376 1476 iactura
1425 1408 1763 1476 redimeret.
1850 1409 2042 1475 Usum
2093 1425 2233 1473 esse
2270 1405 2388 1473 hac
2423 1400 2619 1473 tabula

246 1515 728 1598 Aeschylumego
751 1533 990 1598 quoque
1001 1514 1203 1592 credo,
1232 1533 1304 1579 ac
1323 1512 1654 1598 proindeet
1669 1514 1805 1597 ipse
1831 1532 1903 1578 ea
1923 1531 2069 1577 usus
2101 1527 2238 1575 sum
2260 1509 2324 1572 in
2353 1526 2430 1573 eo
2448 1503 2615 1588 quod
2651 1518 2717 1571 ts

249 1619 573 1704 composui
611 1619 879 1684 dramate
920 1638 975 1682 v.
1015 1618 1143 1684 394
1184 1638 1345 1703 sqq.,
1382 1625 1445 1683 et
1484 1637 1604 1702 qua
1630 1617 1863 1683 ratione
1896 1616 2041 1681 illud
2068 1615 2440 1698 piamentum
2466 1608 2618 1674 mihi

249 1723 774 1808 interpretandum
800 1723 1099 1790 videretur
1127 1723 1381 1807 exposui
1407 1723 1543 1789 libri
1572 1722 1694 1789 mei
1719 1742 1781 1807 p.
1824 1723 1975 1798 147,
2010 1738 2165 1803 quae
2208 1715 2488 1782 hocloco
2512 1733 2618 1781 re-

249 1836 459 1912 petere
507 1826 654 1891 nihil
703 1825 912 1892 attinet
931 1833 959 1873 ²
980 1829 1059 1907 ¹).
1151 1827 1272 1892 Sed
1314 1826 1724 1892 Hermannum
1776 1825 1831 1890 si
1881 1824 2218 1899 audianus,
2266 1819 2517 1904 Iupiter..
2541 1836 2615 1905 eo

249 1931 631 1996 necessitatis
667 1931 913 1997 adactum
964 1931 1106 2008 fuit,
1158 1938 1228 1996 ut
1264 1930 1635 2015 piamentum
1684 1929 1828 1995 illud
1860 1927 2061 2013 specie
2108 1924 2304 2008 magis
2341 1941 2520 2040 quam
2551 1939 2621 1995 ro

249 2035 439 2100 misae
468 2034 788 2101 dicendum
815 2034 915 2113 sit,
945 2035 1383 2118 solvendusque
1414 2034 1620 2119 utique
1647 2033 2047 2100 Prometheus
2078 2027 2283 2103 tuerit,
2314 2025 2442 2091 sive
2479 2025 2618 2091 obi-,-

250 2149 350 2205 ret
376 2147 641 2204 mortem
663 2139 864 2216 Chiro,
894 2139 1018 2203 sive
1036 2157 1165 2203 non
1196 2138 1412 2203 obiret:
1444 2157 1723 2221 namque,
1751 2137 1871 2203 nisi
1893 2136 2148 2202 solveret
2166 2129 2619 2206 Prometheum

255 2243 379 2327 ipsi
415 2242 765 2308 imminebat
799 2241 1135 2308 inevitabile
1172 2241 1432 2308 exitium.
1515 2241 1683 2320 Hoc,
1710 2242 1950 2326 opinor,
1979 2258 2105 2305 nou
2135 2229 2459 2305 maiestatis
2488 2232 2620 2311 mit,

260 2346 371 2412 sed
398 2345 690 2412 maximae
715 2344 1009 2423 vanitatis,
1037 2344 1111 2423 si,
1142 2347 1245 2429 qui
1273 2366 1486 2430 reapse
1513 2347 1590 2413 ad
1610 2346 1827 2413 incitas
1847 2345 2125 2412 redactus
2154 2353 2217 2410 et
2234 2344 2411 2428 plane
2431 2343 2622 2427 vicum

261 2460 411 2529 erat,
442 2451 704 2535 speciem
733 2458 934 2516 tamen
961 2450 1217 2535 aliquam
1246 2451 1415 2517 liberi
1443 2451 1670 2517 arbitrii
1692 2451 1877 2517 durae
1905 2460 1967 2516 et
1992 2450 2255 2534 ingratae
2282 2447 2625 2515 necessitati

260 2563 629 2641 praetextam
668 2563 929 2639 cuperet.
987 2555 1224 2638 Neque
1260 2556 1451 2638 magis
1501 2555 1723 2621 honori
1761 2553 1918 2620 Iovis
1972 2554 2315 2620 consultum
2352 2551 2468 2618 erit
2498 2552 2622 2620 isto
2700 2610 2717 2619 -

261 2677 495 2745 poenae
530 2659 880 2729 simulacro,
923 2659 1085 2743 quod
1122 2658 1460 2734 iniunctum⁴
1484 2659 1850 2724 Prometheo
1887 2658 2046 2742 apud
2085 2658 2446 2741 Aeschylum
2488 2676 2628 2722 esse

262 2764 601 2829 Athenaeus
643 2764 825 2828 refert
861 2761 965 2826 XV
1003 2781 1065 2845 p.
1112 2761 1239 2827 674
1280 2762 1368 2840 D„
1408 2771 1474 2827 ut
1509 2780 1800 2828 coronam
1840 2770 2098 2844 gestaret
2148 2762 2211 2826 in
2249 2760 2627 2826 vinculorum

263 2867 641 2946 memoriam,
670 2866 766 2933 cui
794 2866 1025 2932 addunt
1050 2866 1146 2958 alii
1176 2867 1466 2935 annulum
1495 2887 1635 2933 cum
1662 2867 1859 2951 lapide
1886 2866 2055 2951 palae
2088 2866 2318 2932 incluso
2342 2866 2415 2931 in
2438 2865 2626 2948 digito

265 2972 640 3056 gestandum.
701 2971 940 3038 Scilicet
967 2971 1022 3036 si
1050 2990 1311 3056 poenam
1338 2972 1569 3056 Iupiter.
1590 2971 1832 3037 remisit
1857 2989 1985 3036 non
2014 2981 2134 3036 tam
2165 2990 2274 3037 sua
2304 2970 2629 3048 voluntate,
2657 2970 2668 2979 “

267 3098 451 3163 quam
494 3078 852 3144 necessitate
889 3084 1164 3152 coactus,
1208 3067 1377 3142 ἑκών
1413 3066 1686 3160 &exorti
1726 3094 1803 3161 ys
1843 3071 2078 3161 θυμῷ,
2123 3072 2639 3159 quemadmodum

268 3182 613 3248 Hermanno
643 3181 888 3260 videtur,
915 3181 1028 3246 ista
1050 3169 1283 3265 poenae
1310 3180 1638 3245 admonitio
1669 3199 1877 3266 nonne
1913 3177 2034 3242 hoc
2070 3179 2351 3244 effectura
2379 3187 2537 3260 erat,
2562 3187 2635 3243 ut

268 3285 645 3351 meminisset
680 3285 859 3351 simul
879 3280 1289 3365 Prometheuss
1313 3283 1619 3349 saevitiam
1657 3282 1979 3349 adversarii
2018 3302 2128 3348 sua
2157 3283 2488 3348 constantia
2510 3284 2631 3347 lra-

270 3399 448 3467 etam,
470 3408 746 3474 eumque,
775 3389 877 3473 qui
900 3408 968 3458 se
990 3389 1310 3454 dominum
1327 3388 1541 3455 mundi
1563 3388 1932 3471 gloriaretur,
1956 3396 2178 3464 tamen,
2204 3406 2284 3453 ne
2303 3387 2637 3471 privaretur

269 3513 482 3578 regno,
512 3492 631 3577 ipsi
660 3512 795 3558 sese
823 3492 1171 3557 submittere
1214 3492 1530 3571 debuisse;
1571 3492 1740 3558 cuius
1770 3493 1860 3558 rei
1890 3491 2247 3557 memoriam
2286 3491 2539 3576 Iupiter,
2574 3491 2637 3556 si

271 3618 400 3665 non
430 3597 649 3663 stultus
678 3606 836 3675 erat,
866 3596 1256 3663 oblitteratam
1285 3598 1492 3681 potius
1522 3615 1703 3681 quam
1731 3605 2146 3663 conservatam
2176 3595 2324 3672 velle
2363 3595 2635 3662 debebat.

410 3827 500 3895 21)
537 3827 793 3883 mactat
810 3842 845 3880 a
865 3842 948 3881 me
969 3827 1289 3883 Ber-manus
1310 3845 1360 3900 p.
1392 3828 1456 3881 12
1480 3829 1636 3883 etiam
1658 3829 1724 3882 de
1746 3828 2093 3900 Apollodoro,
2127 3828 2273 3882 euius
2296 3826 2473 3892 verba,
2495 3823 2560 3894 u,
2584 3824 2636 3892 ὅ,

276 3913 360 3982 11,
388 3914 481 3968 122
515 3914 773 3991 παρέσχε
796 3910 1106 3986 (Ἡρακλῆς)
1138 3914 1220 3985 τῷ
1245 3913 1359 3970 Διῒ
1386 3919 1653 3991 Χείρωνα
1673 3911 1954 3985 θνήσκειν
1974 3908 2280 3971 ἀθάνατον
2308 3908 2436 3968 ἀντ’
2463 3908 2641 3967 αὑτοῦ
2751 3971 2759 3979 ,

274 3999 399 4068 (τοῦ
419 4003 631 4076 Προμ.)
653 4001 928 4066 θέλοντα,
965 4017 1061 4069 ego
1086 4019 1135 4073 p.
1162 4001 1248 4056 48.
1273 4010 1382 4057 not.
1406 4003 1484 4056 sie
1507 4004 1896 4076 interpretanda
1919 4003 2044 4069 dixi,
2066 4018 2130 4055 ae
2153 4002 2216 4070 si,
2240 4016 2310 4055 ex
2331 3998 2639 4069 Apollodori

274 4088 475 4158 quidem
498 4088 773 4155 autentis,
796 4088 1110 4141 moriendum
1132 4087 1436 4143 Prometheo
1460 4089 1637 4156 fuerit,
1663 4089 1763 4143 nisi
1787 4088 1940 4142 Chiro
1966 4089 2078 4162 eius
2102 4088 2268 4141 vicem
2293 4086 2476 4139 obiret.
2523 4082 2647 4155 lpse

275 4172 401 4226 nihil
440 4173 582 4227 alind
617 4173 727 4227 tm·
766 4172 940 4226 verbis
982 4174 1258 4241 significari
1300 4176 1439 4244 vult,
1486 4176 1588 4230 nisi
1627 4184 1890 4230 mortem
1936 4174 2237 4227 Chironis
2281 4172 2642 4227 mercedem

275 4260 476 4314 fuisse
512 4260 871 4315 solutionis
907 4276 938 4313 e
961 4260 1267 4315 vinculis.
1340 4263 1499 4334 Atqui
1532 4261 1889 4316 hoesivoluit
1910 4261 2108 4331 Apoll„
2146 4259 2246 4314 non
2280 4254 2427 4314 ἄντ’
2466 4254 2643 4314 αὐτοῦ

276 4339 1181 4421 ιοᾱῦπὲραῦτοῦιὶἰοοτοᾶώιίι
1306 4364 1388 4394 ’.-
1554 4363 1561 4370 ·
1773 4379 1781 4388 ·
1994 4395 2007 4402 ,
2124 4391 2129 4398 .
2418 4373 2423 4380 ν

2136 4433 2177 4502 8
2192 4433 2221 4466 *
