3102 4866
0 1183 8 1240 —⁴
0 1094 9 1136 -
0 987 9 1029 -
0 863 10 925 Ὗ*
0 775 10 819 -
0 671 11 712 1-
0 544 11 606 *V-

1379 293 1504 362 381

183 506 187 509 ’
271 486 1823 571 deassdtemeasusenegwenhedivinitatem
1861 481 2345 552 iisabindiearet.
2431 478 2648 572 Atque¹

268 592 392 656 hoe
426 592 630 674 ipsum
668 589 842 657 Cotta
875 591 1026 656 mihi
1062 592 1130 656 in
1166 591 1281 656 hae
1312 591 1721 675 disputatione
1761 589 1903 656 velle
1947 588 2206 666 videtur,
2255 585 2414 651 sieut
2435 581 2626 647 -etiam

269 694 470 779 paullo
500 704 646 779 post
669 695 912 772 «lovem,
937 695 1311 779 Neptunum,
1339 696 1565 761 Oreum
1591 713 1720 760 non
1746 713 1883 760 esse
1907 702 2012 759 aut
2037 692 2226 758 tuisse
2252 695 2455 774 negti&
2482 704 2626 752 ΜΠ

144 811 150 815 “
269 799 402 864 fieri
427 799 657 883 potuit,
695 807 766 864 ut
803 799 868 864 ιιι
895 799 1197 882 ceterique
1225 799 1611 884 omnes,.qui
1645 819 1762 884 pro
1801 799 1917 864 diis
1955 796 2331 871 eolehmmr.
2359 790 2626 883 ,antiquifl

270 903 645 987 temporibus
670 903 735 969 in
762 903 939 969 terris
966 903 1185 968 vixisse
1212 912 1272 968 et
1299 912 1510 987 postea
1540 904 1782 970 demum
1805 902 2174 987 populorum
2201 897 2629 983 snpoestitione

272 1008 605 1073 consecuti
630 1026 766 1074 esse
791 1013 1162 1092 putarentur,
1191 1006 1699 1090 quemadmodum
1727 1007 2130 1073 Euhanerum
2157 1003 2406 1088 eiusque
2430 1009 2628 1067 secta-

272 1121 438 1177 tores
476 1112 794 1195 theologos
832 1111 1119 1176 statuisse
1157 1120 1422 1188 eonstat,
1472 1130 1732 1195 quorum
1769 1110 2001 1177 ratione
2035 1109 2206 1194 Cotta
2231 1108 2415 1174 etiam
2429 1123 2628 1190 supra

260 1215 651 1300 .eap.16,42
681 1225 888 1280 eontra
917 1214 1157 1279 Stoieos
1184 1234 1339 1279 usus
1366 1223 1477 1280 est.
1565 1214 1643 1279 Hi
1670 1213 1853 1297 igitur
1878 1221 2084 1278 utrum
2114 1211 2370 1278 finissent
2389 1229 2474 1275 an
2497 1226 2629 1276 nou

274 1318 574 1385 ruissent
556 1336 620 1383 ιιι
648 1318 847 1383 medio
877 1318 1128 1403 relinqui
1166 1318 1240 1384 ab
1268 1313 1624 1384 Academico
1654 1317 1879 1402 potuit.
1908 1315 2056 1381 satis
2086 1324 2242 1391 erat,
2272 1315 2327 1379 si
2353 1296 2472 1379 hos
2500 1331 2631 1379 non

198 1457 210 1465 ·
273 1432 433 1489 σει-ιο
460 1423 607 1487 deos
636 1441 775 1487 esse
799 1431 1091 1506 argueret.
1177 1422 1383 1505 ltaque
1410 1422 1560 1487 ιιιιιιι
1598 1421 1910 1506 probanda
1944 1420 2178 1486 videtur
2203 1418 2376 1485 lectio
2405 1418 2628 1484 eodieis

272 1527 674 1611 Erlangensis,
703 1546 885 1611 quem
912 1528 978 1592 ιιι
1008 1526 1254 1611 optimis
1292 1526 1631 1592 habendum
1673 1546 1812 1591 esse
1849 1543 2064 1591 omnes
2103 1524 2514 1590 consentiunt.
2539 1540 2630 1587 ne

271 1632 629 1716 nymphae
659 1632 954 1715 quidem
985 1632 1239 1715 igitur,
1270 1631 1505 1696 omisso
1528 1631 1814 1696 vocabulo
1837 1631 2033 1695 deae.
2068 1629 2304 1695 Namin
2332 1629 2627 1694 bocenn-

272 1745 439 1802 textu
476 1737 666 1802 eareri
703 1756 778 1801 eo
808 1736 978 1801 faeile
1005 1737 1229 1820 potuit,
1270 1735 1657 1822 additumque
1683 1743 1897 1819 postea
1935 1735 2001 1799 in
2027 1734 2296 1819 margine
2319 1733 2398 1799 ab
2417 1732 2627 1874 aliquo
2826 1802 2836 1810 ,

272 1858 409 1905 esse
434 1840 687 1916 videtur,
715 1849 896 1923 atque
922 1839 1403 1905 hincalibrariis
1429 1839 1758 1905 insertum..
1853 1859 1865 1891 ι
2019 1889 2024 1896 .
2083 1897 2112 1906 ..
2683 1865 2689 1869 ·

444 1942 585 2028 Cap.
615 1943 743 2021 XX,
773 1945 879 2020 51,
908 1963 1098 2027 quum
1125 1943 1191 2007 in
1217 1943 1423 2045 priore
1459 1944 1736 2009 editione
1759 1943 2169 2027 scripsissem.
2197 1881 2298 2008 ob
2335 1899 2631 2023 eamque

275 2066 595 2125 eausam,
623 2048 789 2131 quia
819 2046 1132 2130 speeiem
1164 2033 1384 2112 habet
1408 2046 1939 2125 admirabilem,
1970 2048 2416 2112 Thaumante
2428 2043 2629 2109 diei·
2693 2107 2700 2114 .

234 2170 247 2178 ·
275 2161 394 2217 tur
420 2171 585 2216 esse
613 2160 859 2228 natus,
885 2186 975 2236 .···
997 2170 1199 2215 sermo
1228 2159 1428 2216 autem
1458 2150 1534 2218 de
1562 2168 1706 2216 areu
1734 2161 1846 2227 est,
1875 2187 1965 2200 —
1993 2151 2263 2217 Klotsius
2291 2148 2628 2215 eoniuneti·

276 2275 417 2321 vum
445 2254 706 2321 habeat
731 2257 1020 2339 reposuit,
1048 2263 1367 2340 propterea
1394 2255 1631 2333 scilieet,
1662 2255 1826 2339 quod
1856 2255 2020 2332 hune
2045 2256 2109 2321 in
2143 2253 2427 2321 omnibus
2453 2251 2629 2319 eodi-

275 2359 445 2425 cibus
486 2359 599 2444 legi
642 2359 908 2424 aedidit.
994 2359 1173 2444 Atqui
1217 2360 1483 2444 primum
1526 2360 1649 2425 hoe
1690 2359 1894 2443 ipsum
1937 2358 2175 2461 non-ita
2203 2358 2629 2424 asserimur:

272 2483 413 2531 uam
444 2472 730 2548 quantum
764 2464 1003 2547 quidem
1032 2485 1106 2529 ex
1132 2465 1351 2529 Mosei-i
1377 2465 1767 2529 annotatione
1795 2464 1988 2546 colligi
2001 2470 2221 2547 potest,
2249 2462 2628 2529 indicativum

158 2559 168 2567 ’
273 2563 495 2633 habent
537 2567 1058 2652 Norimbergensis
1093 2568 1241 2633 alter
1288 2568 1412 2649 (Κ.)
1444 2578 1504 2633 et
1531 2567 1973 2642 ottobonianus
2005 2569 2160 2650 (La).
2246 2567 2366 2633 Sed
2397 2567 2632 2633 etiamsi

276 2692 411 2738 vere
463 2691 675 2737 omnes
726 2672 791 2737 in
841 2671 1220 2736 coniunctivo
1273 2672 1720 2756 conspirarent,
1770 2681 1969 2737 tamen
2008 2690 2118 2754 ego
2161 2671 2454 2737 rationem
2493 2671 2631 2755 plus

274 2795 452 2860 quam
503 2776 882 2841 librariorum
932 2784 1036 2842 aut
1084 2784 1493 2841 eorredorum
1537 2794 1783 2840 errores
1840 2775 2029 2840 valere
2080 2775 2299 2840 debere
2353 2774 2632 2841 arbitror.

271 2881 426 2946 Nam
456 2880 867 2946 eoniunetivus
896 2878 1283 2963 significaret,
1323 2879 1446 2945 ab
1428 2879 1501 2943 nis
1531 2879 1708 2964 ipsis,
1745 2879 1845 2963 qui
1881 2898 2087 2944 areum
2107 2880 2493 2946 Thaumante
2517 2899 2631 2946 na-

273 2993 404 3050 tum
444 3003 579 3049 esse
616 2985 910 3061 dicerent,
962 2983 1139 3047 etiam
1181 2977 1420 3048 causam
1458 2982 1686 3059 afferri,
1738 2984 1942 3048 fiotum
1980 2983 2100 3048 hoe
2135 2981 2271 3049 esse
2296 2994 2632 3070 propterea,

276 3087 439 3171 quod
493 3081 751 3171 speciem
801 3087 898 3152 ille
932 3086 1342 3151 admirabilem
1383 3086 1645 3152 haberet.
1731 3087 1796 3152 ld
1835 3087 2014 3152 etiam
2051 3080 2338 3174 Orellium
2369 3088 2634 3154 sensisse
2755 3115 2766 3125 ·

273 3200 549 3275 apparet,
599 3210 785 3275 quum
835 3192 991 3256 dieat
1034 3190 1295 3256 aliorum
1347 3195 1563 3274 (quam
1613 3191 1947 3274 loquentis)
2000 3193 2349 3277 opinionem
2400 3192 2631 3270 referri,

271 3314 494 3380 nempe
521 3315 765 3372 eorum,
807 3296 910 3379 qui
950 3297 1324 3361 Thaumante
1361 3314 1570 3361 areum
1598 3304 1806 3361 natum
1834 3315 1973 3362 esse
1999 3298 2221 3364 dicant.
2307 3298 2452 3364 mhi
2482 3317 2631 3365 eon-

228 3409 245 3469 ’,
274 3409 366 3466 tra
394 3400 721 3467 absurdum
750 3400 999 3478 videtur,
1019 3400 1096 3466 ab
1125 3400 1221 3477 iis,
1245 3400 1347 3483 qui
1361 3401 1519 3466 hane
1530 3401 1789 3466 fabulam
1811 3401 2104 3480 finxerint,
2125 3402 2306 3468 etiam
2320 3403 2632 3481 rationem,

276 3524 386 3570 eur
412 3505 706 3581 timeant,
735 3506 1029 3571 redditam
1054 3508 1284 3588 putare.
1372 3504 1659 3571 Rationes
1689 3505 2020 3571 tabularum
2047 3506 2387 3590 posteriore
2410 3515 2637 3573 aestate

274 3609 722 3693 interpretes-et
749 3609 1010 3693 theologi
1037 3608 1236 3674 rimati
1263 3620 1433 3687 sunt,
1459 3628 1586 3674 non
1615 3610 1844 3693 antiqui
1880 3610 1963 3675 illi
2000 3610 2282 3675 homines
2308 3611 2631 3695 explicave-

274 3721 439 3779 runt.
528 3715 602 3779 Et
637 3714 1045 3780 admirabilem
1084 3732 1222 3778 esse
1258 3705 1380 3778 arei
1419 3715 1709 3798 speeiem,
1746 3715 1805 3779 id
1844 3717 2117 3799 protecto
2146 3712 2318 3780 Cotta
2344 3716 2479 3799 ipse
2500 3732 2656 3780 non.

274 3817 616 3921 ignorabat,
654 3836 904 3902 eamque
939 3837 1181 3883 eausam
1221 3817 1451 3883 fabulae
1488 3819 1678 3884 fuisse
1713 3838 1821 3884 sua
1851 3829 2072 3904 sponte
2100 3819 2477 3904 intelligebat,
2503 3837 2630 3884 non

276 3914 579 4006 tamquam
619 3922 869 3988 alienam
911 3922 1258 4006 opinionem
1300 3931 1660 4007 acceperat.
1738 3923 1946 4006 ltaque
1993 3923 2375 3989 indicativum
2427 3924 2632 4007 utique

273 4025 656 4121 seribendum
694 3989 882 4090 fuisse
917 4025 1134 4091 iudico.
1221 4026 1342 4090 Sed
1379 4025 1557 4091 etiam
1594 4026 1658 4091 ιιι
1695 4027 2022 4110 postremis
2057 4026 2241 4092 huius
2278 4026 2394 4092 loci
2431 4027 2628 4106 verbis
2666 4035 2733 4090 12

272 4130 491 4215 aliquid
520 4149 555 4195 a
582 4129 838 4195 librariis
866 4130 1169 4196 turbatum
1196 4150 1330 4196 esse
1358 4131 1637 4196 codicum
1662 4131 1839 4214 longe
1859 4131 2254 4214 plurimomm
2282 4139 2346 4196 et
2363 4132 2632 4215 optimo·

184 4242 191 4250 '
273 4253 412 4299 rum
444 4253 778 4300 consensus
810 4234 1087 4301 ostendit.
1175 4234 1409 4300 Habent
1436 4235 1599 4300 enim
1624 4243 1823 4312 nata,
1861 4253 1988 4300 non
2025 4244 2265 4313 natus,
2294 4254 2476 4319 quam
2499 4236 2632 4303 ior-

275 4356 440 4403 mam
474 4338 553 4404 ab
589 4338 665 4404 iis
703 4340 1165 4405 invectam-esse
1200 4348 1390 4423 patet,
1442 4339 1544 4422 qui
1582 4337 2005 4404 soloecismum
2043 4337 2108 4404 in
2135 4357 2382 4423 genere,
2420 4359 2631 4408 arens
2679 4361 2687 4367 ·
