3102 4866
1417 284 1502 350 5⁷

301 478 664 545 remansisse
692 478 1005 557 diceretur,
1031 498 1087 545 v.
1117 479 1220 546 96.
1265 475 1430 560 Πῶς
1470 470 1698 568 φησίν,
1740 477 1823 544 ait
1859 476 2235 556 scholiastes,
2272 466 2530 562 ἔμεινεν
2547 468 2639 543 ’ἐν

286 580 383 673 τῷ
439 574 729 674 πίθῳῆ
784 577 1013 664 ἕλπίςς
1064 578 1214 652 ἐστὶ
1265 581 1391 674 γὰρ
1433 580 1635 651 τοῦτο
1689 578 1769 651 ἐν
1819 574 2305 675 ἀνθρώποις.
2352 581 2521 666 (illud
2561 575 2641 649 ἐν
2763 622 2768 627 ·

285 685 384 776 τῷ
420 682 629 777 πίθῳ
661 690 820 756 idem
850 690 1182 773 significare
1211 691 1372 769 dicit,
1401 698 1579 773 atque
1608 681 1679 754 ἐν
1708 679 2154 775 ἀνθρώποις.)
2197 683 2399 756 τοῦτο
2420 682 2501 753 δὲ
2518 682 2640 753 καὶ
2675 720 2684 727 ·

287 796 356 861 Κ
355 790 606 878 ομανὸς
649 786 688 862 ὅ
731 786 1196 881 ἀρχιοινοχόος
1240 794 1362 862 τοῦ
1413 788 1746 879 βασιλέως
1794 783 2164 879 προῦτεινε.
2255 787 2475 882 Φησὶν
2515 780 2642 857 οὖν

294 890 751 987 Ἀρίσταρχος,
819 890 926 965 ὅτι
970 891 1013 988 ἦ
1057 894 1180 984 μὲν
1221 896 1356 965 τῶν
1395 894 1618 965 κακῶν
1661 888 1932 981 ἔμεινεν,
1969 888 2018 985 ἦ
2065 892 2144 963 δὲ
2181 893 2316 973 τῶν
2357 887 2643 983 ἀγαθῶν

292 997 591 1091 ἐξῆλθεν.
712 1004 1043 1069 Comanum
1103 1005 1554 1089 grasumaticum
1625 1002 1860 1083 aliunde
1919 992 2225 1066 novimus:
2293 1000 2640 1084 pincernam

288 1108 520 1191 regium
549 1108 735 1173 fuisse
763 1108 883 1173 boc
910 1127 1051 1187 uno,
1080 1109 1145 1174 ni
1168 1109 1355 1187 fallor,
1382 1109 1519 1173 loco
1547 1107 1819 1190 legimus.
1877 1105 1936 1170 ls
1966 1097 2336 1189 προτάσεις
2377 1104 2639 1188 scripsit,

286 1198 367 1277 h,
402 1234 454 1277 e.
503 1213 905 1296 quaestiones,
960 1209 1511 1301 (προτεινομένας
1549 1200 1937 1300 ἐρωτήσεις,
2003 1218 2071 1273 ut
2113 1208 2331 1273 Suidas
2375 1210 2518 1290 ait),
2568 1211 2643 1276 de

298 1316 574 1389 Homeri,
624 1316 870 1382 Hesiodi
906 1317 1277 1401 aliorumque
1325 1326 1640 1402 poetarum
1677 1316 1827 1382 locis
1863 1311 2328 1390 difficilioribus,
2373 1312 2456 1378 ad
2490 1333 2643 1398 quas

290 1439 652 1505 responsum
682 1429 776 1486 est
804 1421 879 1486 ab
907 1423 1282 1498 Aristarcho,
1323 1422 1492 1486 cuius
1522 1420 1660 1487 libri
1709 1413 1886 1507 πρὸς
1927 1408 2243 1499 Κομανόν
2286 1412 2541 1483 citantur
2582 1419 2644 1485 in

289 1526 477 1592 schol.
518 1527 594 1591 ad
630 1526 696 1590 11.
755 1524 801 1605 1,
838 1527 940 1591 97.
980 1527 1051 1605 u,
1089 1526 1246 1593 798.
1276 1526 1480 1605 XXIV,
1518 1526 1660 1591 110.
1747 1526 1941 1608 Atque
1980 1524 2122 1588 hinc
2168 1523 2429 1589 fortasse
2466 1524 2644 1589 etiam

290 1633 437 1697 haec
466 1624 661 1708 λύσις
699 1630 881 1715 petita
919 1639 1040 1697 est:
1092 1648 1292 1715 spem,
1334 1649 1483 1714 quae
1522 1630 1589 1693 in
1626 1627 1788 1693 dolio
1816 1626 2197 1703 remanserit,
2236 1645 2372 1692 esse
2422 1637 2646 1694 metum

290 1745 349 1801 et
406 1734 875 1819 expectationem
935 1735 1249 1800 malorum.
1339 1734 1575 1799 Scilicet
1625 1732 1780 1797 mala
1828 1753 1863 1795 e
1912 1732 2076 1797 dolio
2134 1734 2357 1798 emissa
2417 1734 2644 1818 passim

291 1838 718 1921 circumvagari
759 1847 820 1904 et
861 1839 1135 1906 invadere
1172 1839 1484 1905 mortales:
1536 1837 1694 1921 apud
1723 1837 1839 1901 hos
1871 1845 2067 1901 autem
2106 1857 2243 1903 csse
2272 1837 2457 1922 Spem
2485 1838 2645 1903 illam

169 1943 190 1978 ⁸
290 1943 678 2020 deteriorem,
740 1944 800 2009 b».
845 1964 897 2008 e.
949 1953 1242 2029 perpetuo
1294 1964 1401 2008 eos
1453 1951 1845 2008 venturorum
1898 1942 2192 2007 malorum
2242 1936 2650 2027 expectatione
2721 2031 2735 2045 ⁸

165 2086 199 2139 ⁴.
292 2055 576 2131 metuque
625 2047 783 2131 angi.
870 2049 1285 2132 ingeniosam,
1336 2056 1403 2113 ut
1442 2047 1644 2112 omnia
1683 2046 2038 2122 Aristarchi,
2079 2047 2237 2111 banc
2281 2039 2475 2112 λύσιν
2514 2066 2651 2112 esse
2769 2088 2779 2099 -

291 2173 474 2219 nemo
517 2153 775 2237 negabit:
817 2174 1013 2219 veram
1043 2174 1206 2231 esse,
1243 2161 1546 2244 praestare
1588 2151 1865 2235 equidem
1896 2169 2023 2215 non
2068 2151 2280 2216 audeo.
2365 2150 2489 2216 Sed
2513 2151 2651 2217 talia

216 2280 226 2286 ·
291 2257 571 2342 persequi
599 2257 879 2322 hocloco
909 2258 1072 2335 nolo,
1100 2265 1160 2322 et
1189 2257 1306 2322 dixi
1337 2257 1453 2322 iam
1478 2255 1633 2332 aubi,
1663 2238 1802 2338 quid
1832 2254 1983 2320 mihi
2021 2255 2107 2319 de·
2126 2241 2421 2320 Hesiodea
2458 2255 2653 2321 rabula

290 2363 740 2444 videretur-2⁴>
793 2380 799 2387 ·
848 2361 1020 2427 Nunc
1085 2362 1265 2444 igitur
1332 2380 1516 2426 unam
1575 2368 1806 2425 tantum
1875 2359 2363 2425 commemorabo
2423 2360 2654 2428 Seleuci

290 2467 660 2551 grammatici
710 2467 1138 2544 coniecturam,
1190 2467 1293 2551 qui
1344 2488 1398 2532 v.
1438 2465 1523 2530 96
1576 2484 1687 2549 pro
1727 2485 1834 2542 eo,
1886 2466 2048 2549 quod
2097 2465 2392 2549 scriptum
2428 2459 2652 2542 estsev
2690 2487 2753 2539 15

294 2562 695 2660 ἀρρήκτοισι
741 2563 1036 2653 δόμοισι,
1068 2570 1281 2655 reponi
1313 2570 1500 2635 voluit
1547 2563 1620 2635 ἐν
1663 2560 2058 2657 ἀρρήκτοισι
2104 2562 2427 2647 πίθοισι,
2473 2589 2656 2655 quam
2801 2611 2806 2615 -

295 2675 730 2741 correctionem
773 2693 966 2757 neque
1014 2674 1411 2740 necessariam
1470 2691 1666 2757 neque
1715 2674 1864 2738 adeo
1915 2673 2284 2757 probabilem
2330 2693 2465 2739 esse
2529 2692 2656 2739 non

292 2800 452 2866 opus
494 2787 587 2843 est
622 2797 943 2862 exponere.
1011 2778 1307 2844 ‘Ceterum
1338 2798 1522 2862 quum
1566 2778 1764 2843 omnis
1795 2777 1940 2842 baec
1978 2778 2051 2842 de
2078 2777 2357 2844 Pandora
2396 2779 2655 2844 narratio
2751 2791 2758 2798 ·

291 2884 455 2970 apud
501 2882 821 2965 origenem
875 2882 1172 2967 descripta
1225 2882 1319 2959 sit,
1371 2893 1569 2949 contr.
1621 2882 1773 2947 Cels.
1812 2881 1914 2958 IV,
1966 2881 2068 2947 38.
2115 2891 2263 2947 tom.
2301 2882 2438 2947 xlx
2475 2903 2537 2967 p.
2569 2882 2655 2949 58

294 2992 558 3065 Lomm„
589 2987 833 3052 omissis
860 2995 1060 3053 tamen
1091 2987 1281 3052 tribus
1313 2987 1609 3062 versibuS,
1641 2986 1742 3069 qui
1771 2995 1918 3050 sunt
1939 2985 2217 3062 70—72,
2246 3004 2511 3070 unoque,
2553 2988 2655 3070 qui

293 3103 388 3160 est
417 3092 522 3169 93,
554 3110 680 3157 non
711 3092 914 3175 inepte
945 3092 1155 3175 aliquis
1185 3090 1530 3167 coniecerit,
1576 3090 1866 3155 diversam
1899 3089 1973 3153 ab
2003 3090 2118 3154 hac
2142 3099 2361 3154 nostra
2389 3091 2658 3175 Operum

294 3196 709 3263 recensionem
732 3195 976 3277 origeni
1005 3195 1069 3259 in
1098 3194 1376 3259 manibus
1409 3194 1614 3258 fuisse.
1701 3193 1779 3257 Et
1806 3211 2046 3257 versum
2091 3191 2175 3257 93
2214 3193 2453 3274 quidem
2479 3195 2656 3260 etiam

298 3302 538 3367 codices
569 3299 812 3364 Hesiodi
842 3317 968 3364 non
1007 3299 1178 3381 pauci
1211 3299 1519 3374 omittunt,
1559 3316 1674 3362 nec
1712 3294 1965 3361 dubitari
2008 3304 2229 3380 potest,
2261 3298 2404 3381 quin
2443 3318 2515 3363 ex
2544 3298 2657 3364 Od.

297 3405 464 3481 XIX,
509 3404 635 3469 360
674 3404 937 3467 insertus
976 3401 1055 3466 sit
1093 3402 1168 3466 ab
1209 3401 1406 3484 aliquo
1435 3400 1900 3483 interpolatore,
1937 3400 2042 3483 qui
2070 3420 2124 3464 v·
2155 3400 2239 3465 92
2278 3419 2392 3484 pro
2425 3397 2656 3490 κῆρας,

297 3510 463 3594 quod
492 3508 667 3573 unice
692 3525 899 3571 verum
936 3513 1060 3582 est,
1093 3501 1297 3592 γῆρας
1323 3504 1575 3586 legeret3
1613 3514 1735 3569 tres
1765 3510 1965 3569 autem
2002 3504 2349 3587 superiores
2387 3505 2565 3570 etiam
2591 3507 2658 3570 in

297 3612 646 3695 'theogonia
673 3611 955 3695 leguntur
983 3629 1034 3673 v.
1067 3608 1432 3684 571—573,
1463 3609 1625 3674 unde
1653 3608 1773 3673 buc
1801 3608 2099 3691 assumpti
2128 3608 2419 3687 videntur,
2446 3610 2659 3694 primis

296 3726 535 3785 tantum
578 3716 773 3781 verbis
825 3714 1087 3799 paullum
1139 3712 1494 3798 Mmutatis,
1549 3712 1773 3778 scilicet
1821 3731 1942 3796 quo
1994 3712 2197 3778 minus
2246 3731 2457 3780 manca
2503 3715 2662 3787 foret

297 3821 583 3889 narratio.
670 3819 873 3903 Neque
913 3817 1054 3882 illud
1097 3835 1224 3882 non
1262 3816 1688 3882 advertendum
1718 3823 1840 3894 est,
1879 3817 2025 3882 nihil
2064 3817 2241 3901 plane
2279 3816 2354 3881 ad
2393 3817 2509 3882 hos
2533 3824 2661 3882 tres

298 3944 514 3994 versus
544 3943 579 3988 a
608 3923 824 3989 Proclo
853 3929 1202 3986 annotatum
1231 3939 1386 3985 esse.
2225 3955 2230 3962 ·
2399 3953 2404 3958 -

478 4027 765 4113 Sequitur
793 4026 964 4090 locus
995 4024 1069 4089 de
1098 4024 1363 4108 quinque
1392 4024 1683 4090 aetatibus
1713 4025 1948 4107 generis
1979 4023 2240 4101 humani,
2270 4043 2323 4088 a.
2347 4043 2403 4088 v.
2438 4024 2562 4090 106
2587 4024 2661 4089 ad

298 4137 451 4211 201,
483 4133 755 4200 omnium
786 4133 1059 4208 fortasse,
1088 4131 1191 4213 qui
1213 4130 1276 4195 in
1305 4129 1603 4213 Operibus
1628 4136 1789 4208 sunt,
1821 4127 2272 4193 recentissimus
2303 4138 2364 4192 et
2392 4129 2495 4213 qui
2524 4148 2661 4195 cum

446 4362 535 4432 24)
572 4360 631 4418 ln
654 4334 864 4417 dissert.
890 4360 953 4415 de
983 4359 1233 4434 Pandora,
1257 4313 1533 4416 missa
1559 4360 1681 4414 edit.
1706 4376 1757 4430 p.
1784 4357 1868 4414 16.
1918 4357 2125 4431 (Opusc.
2147 4355 2197 4413 11
2217 4375 2270 4433 p.
2291 4357 2432 4430 282.)
2509 4377 2520 4385 ·
