3102 4866
1640 294 1769 359 4⁰4

524 463 1038 552 modoconvenit.
1084 482 1263 559 Quod
1285 499 1427 545 vero
1448 481 1522 546 ad
1555 498 1836 563 graecum
1865 496 2089 544 nomen
2119 469 2451 565 αὐθέντης
2478 468 2892 563 (crimenve)

523 598 878 676 provocant,
918 588 1079 674 quod
1120 607 1155 653 a
1173 620 1177 626 ·
1186 587 1344 671 juris
1381 583 1784 668 scriptoribus
1820 601 2256 667 nonnunquam
2296 583 2508 646 eodem
2550 601 2738 648 sensu
2767 599 2892 664 quo

522 696 775 761 latinum
806 706 1020 759 auctor
1046 693 1293 774 dicitnr,
1323 699 1602 775 apparet,
1635 690 1884 772 opinor,
1916 679 2247 774 αὐθέντην
2283 705 2396 770 pro
2427 696 2673 750 auctore
2700 704 2893 751 usur-

523 798 655 883 pari
682 796 989 882 nunquam
1021 797 1323 881 potuisse,
1363 796 1431 861 si·
1422 796 1675 860 -inesset
1712 794 1839 859 sola
1869 794 1967 859 illa
1996 811 2155 878 pars,
2183 810 2364 876 qnam
2394 808 2781 855 communem
2800 790 2893 854 la-

524 901 650 967 tino
679 901 970 967 vocabulo
1003 920 1141 965 cum
1173 919 1383 984 graeco
1415 919 1550 964 esse
1577 906 1808 982 putant,
1838 913 2031 981 neque
2054 895 2330 961 adiuncta
2357 903 2520 959 esset
2546 895 2758 985 altera,
2780 913 2894 959 eu·

522 1006 620 1070 ins
648 1001 713 1070 in
739 1004 922 1070 latino
952 1004 1239 1069 vocabulo
1267 1003 1490 1068 nullam
1514 1002 1833 1085 vestigium
1862 1011 1973 1067 est.
2035 999 2147 1065 Alii
2174 1000 2247 1065 ad
2278 992 2581 1119 αὖτῶρης
2598 978 2895 1081 confuge-

522 1110 742 1190 runt⁴)
796 1107 1094 1174 rarissimi
1143 1126 1294 1173 usus
1345 1118 1407 1175 et
1455 1110 1715 1173 ineertae
1752 1107 2000 1190 originis
2041 1104 2420 1183 vocabulum,
2480 1104 2650 1169 cuius
2697 1121 2892 1168 unum

524 1222 829 1279 auctorem
870 1212 1163 1278 babemus
1206 1212 1579 1278 Scholiasten
1625 1211 1796 1277 Pind.
1843 1211 2014 1295 Pyth.
2057 1209 2340 1287 IV‚107‚
2382 1209 2488 1293 qui
2529 1218 2598 1274 ut
2640 1208 2899 1291 explicet

527 1318 693 1403 quod
720 1317 964 1383 Battum
1005 1317 1303 1382 Pindarus
1340 1309 1669 1400 μελισσας
1705 1308 2057 1405 Δελφίδος
2093 1305 2456 1399 αυτομάτῳ
2484 1307 2755 1399 κελάδῳ
2784 1331 2898 1376 ex-

526 1422 769 1488 citatum
799 1421 960 1498 dicit,
983 1414 1130 1486 baec
1151 1420 1352 1486 habet:
1390 1412 1512 1486 οὐκ
1542 1412 1898 1538 ἠρωτήθη,
1899 1415 2026 1508 γὰρ
2056 1414 2247 1504 παρὰ
2272 1413 2396 1483 τοῦ
2425 1412 2701 1484 Βάττου
2729 1413 2899 1501 περὶ

525 1522 648 1614 τῆς
696 1517 1031 1604 ἀποικίας
1090 1516 1263 1590 ἀλλὰ
1314 1520 1478 1610 περὶ
1535 1521 1660 1611 τῆς
1705 1522 1960 1612 φωνῆς,
2024 1516 2223 1589 ἔνθεν
2269 1517 2391 1587 καὶ
2445 1512 2806 1608 αὖτωρης
2857 1513 2899 1585 ὁ
2959 1601 2968 1608 .

458 1709 459 1712 Ἴ
525 1622 829 1717 τρίπους.
902 1622 1368 1712 Καλλίμαχος·
1421 1620 1776 1715 αυτῶρης
1814 1621 1950 1694 ὅτε
1983 1628 2252 1693 τοῖσιν
2289 1621 2723 1715 ἐπέφραδε.
2773 1620 2901 1689 καὶ

526 1727 685 1799 τότε
714 1724 1073 1821 αυτωρης
1097 1723 1140 1820 ἦ
1170 1727 1414 1816 μάντις
1439 1727 1735 1817 λέγεται,
1768 1726 1933 1798 ὅταν
1968 1725 2453 1816 βουλευομένου
2482 1726 2694 1808 τινος,
2734 1723 2902 1811 περὶ

531 1832 689 1903 ὅτου
731 1831 827 1924 μή
870 1828 1024 1924 ἥκει
1058 1832 1592 1920 μαντευσόμενος
1619 1828 2156 1923 &amoma-1427.
2215 1836 2343 1900 Erit
2385 1834 2565 1918 igitur
2593 1824 2904 1919 αὖτώρης

531 1943 634 2027 qni
654 1961 764 2006 sua
788 1950 1007 2024 sponte
1023 1940 1352 2024 respondet
1364 1943 1526 2024 quod
1547 1959 1673 2006 non
1695 1942 2095 2024 interrogatus
2115 1950 2234 2016 est3
2249 1947 2525 2004 auctores
2538 1937 2902 2021 plerumque

531 2045 899 2129 interrogati,
923 2062 1354 2128 saepenumero
1378 2048 1554 2110 etiam
1579 2046 1744 2111 inviti
1767 2046 1938 2110 flunt.
1997 2046 2272 2110 Ceterum
2303 2043 2406 2126 qui
2427 2042 2568 2108 illud
2593 2033 2903 2128 αὗτώρης

533 2149 809 2233 arripuit,
865 2149 1112 2213 Beierus
1150 2149 1220 2213 ad
1262 2149 1382 2215 Cic.
1420 2152 1494 2215 fr.
1537 2169 1626 2215 or.
1667 2169 1781 2234 pro
1813 2150 2006 2215 Tullio
2036 2168 2098 2233 p.
2124 2149 2282 2224 246,
2334 2148 2449 2215 bac
2486 2166 2555 2211 se
2595 2145 2900 2229 imprimis

478 2309 487 2324 .
532 2254 766 2320 ratione
813 2263 1157 2336 permotum
1202 2253 1381 2330 dicit.
1419 2262 1490 2318 ut
1524 2253 2039 2338 graecampotius
2091 2272 2272 2336 quam
2323 2251 2576 2317 latinam·
2629 2249 2902 2314 nominis

531 2358 827 2442 originem
862 2356 1157 2432 crederet,
1201 2358 1366 2441 quod
1401 2367 1734 2423 ceterorum
1773 2359 2091 2424 nominum
2129 2357 2451 2422 latinorum
2481 2355 2544 2419 in
2572 2364 2671 2419 tor
2699 2374 2735 2418 a
2762 2372 2902 2418 ver-

482 2499 492 2511 -
533 2463 629 2527 bis
679 2464 999 2528 ductorum
1050 2461 1207 2527 nulla
1259 2462 1625 2527 substantiva
1689 2464 1814 2528 sint
1873 2464 1934 2529 in
1996 2467 2208 2539 omas,
2247 2461 2784 2545 ‘quemadmodum
2827 2459 2902 2524 ab

533 2578 744 2638 auctor
772 2569 1115 2630 auctor-mus.
1173 2565 1244 2630 ln
1284 2585 1405 2651 quo
1445 2567 1565 2631 hoc
1604 2586 1748 2631 sane
1785 2568 2125 2633 mirandum
2163 2575 2281 2643 est,
2317 2568 2383 2630 in
2414 2583 2529 2630 una
2559 2584 2646 2642 re,
2675 2564 2904 2628 leviore

531 2671 692 2737 haud
723 2670 916 2748 dubie,
949 2678 1180 2734 tantum
1209 2670 1513 2754 analogiae
1526 2670 1736 2737 tribui:
1767 2672 1831 2737 in
1859 2692 1931 2736 eo
1948 2681 2173 2748 contra,
2201 2670 2306 2736 ubi
2337 2670 2595 2735 maxime
2622 2668 2902 2732 animad-

531 2775 810 2840 vertenda
853 2783 1007 2857 erat,
1058 2793 1315 2857 prorsus
1365 2794 1495 2839 eam
1536 2776 1759 2858 sperni.
1833 2778 2042 2841 Restat
2068 2776 2247 2859 igitur
2273 2775 2368 2839 illa
2399 2764 2745 2857 originatio,
2777 2790 2905 2855 qua

531 2881 681 2945 nihil
704 2879 827 2944 veri
856 2877 1108 2943 similius
1141 2878 1391 2943 inveniri
1420 2899 1609 2961 posse
1636 2881 1894 2957 videtur,
1939 2891 2007 2945 ut
2045 2892 2345 2945 auctorem
2383 2879 2458 2943 ab
2501 2878 2773 2961 augendo
2804 2878 2904 2941 di-

534 2995 695 3050 ctum
728 3002 862 3047 esse
892 2991 1244 3059 statuamus,
1277 2984 1435 3048 sicut
1465 2996 1726 3049 actorem
1753 2985 1828 3050 ab
1859 2985 2115 3068 agendo,
2156 2986 2455 3049 doctorem
2483 3003 2519 3048 a
2548 2983 2812 3047 docendo
2843 2992 2906 3047 et

534 3089 765 3154 similia.
825 3087 1027 3171 Itaqu'e
1066 3088 1216 3152 haec
1252 3088 1544 3153 sententia
1584 3101 1642 3153 et
1677 3089 1975 3155 veteribus
2016 3088 2372 3172 quibusdam
2411 3086 2664 3179 «placuit,
2700 3096 2762 3151 et
2799 3076 2906 3151 re-

436 3239 440 3243 -
534 3192 901 3258 oentioribus
954 3180 1253 3275 plerisque
1305 3193 1587 3258 omnibus
1640 3194 1959 3278 probatur:
2021 3213 2218 3277 neque
2278 3212 2396 3258 nos
2453 3212 2583 3258 eam
2643 3211 2906 3275 prorsus

533 3298 934 3381 spernendam
965 3296 1150 3361 fuisse
1178 3316 1520 3375 censemus,
1560 3318 1746 3381 quum
1789 3299 1860 3364 ad
1900 3320 2038 3365 eum
2077 3299 2182 3381 qui
2220 3306 2396 3381 auget
2441 3296 2904 3381 significandum
2997 3350 3006 3356 .

532 3401 676 3465 illud
703 3400 907 3484 ipsum
934 3418 1159 3464 nomen
1187 3400 1423 3467 verbale
1450 3422 1486 3466 a
1520 3402 1703 3467 verbo
1743 3421 1927 3487 oeuyeo
1965 3403 2219 3468 existere
2247 3422 2320 3468 ex
2346 3401 2575 3485 legibus
2596 3401 2907 3484 analogiae

469 3521 502 3573 5
538 3512 1009 3570 consentaneum
1038 3505 1244 3569 suerit:
1284 3506 1390 3570 sed
1430 3506 1525 3571 vix
1563 3498 1765 3572 tamen
1801 3508 1930 3573 fieri
1958 3527 2143 3593 posse
2180 3507 2558 3581 arbitramur,
2584 3514 2669 3582 ut,
2697 3504 2752 3570 si
2783 3524 2906 3569 οιι-

536 3621 756 3675 ctorem
792 3608 1037 3693 proprie
1075 3627 1203 3674 non
1238 3609 1422 3674 alium
1462 3630 1599 3676 esse
1642 3612 1942 3691 dicamus,
1983 3632 2162 3698 quam
2201 3616 2305 3697 qui
2339 3621 2577 3696 meat,
2619 3628 2757 3675 cum
2787 3610 2911 3674 bae

445 3773 456 3783 .
534 3712 837 3798 primitiva
883 3711 1312 3795 significatione
1351 3713 1615 3798 reliquae
1654 3735 1900 3793 omnes,
1951 3736 2103 3799 quae
2138 3717 2465 3782 admodum
2492 3717 2687 3806 variae
2732 3724 2905 3793 sunt,

535 3817 854 3885 commode
883 3815 1293 3883 concilientur.
1353 3817 1402 3883 Ii
1423 3826 1614 3896 certe,
1645 3819 1746 3903 qui
1784 3821 1980 3886 adhuc
2016 3820 2292 3886 omnium
2330 3838 2636 3885 consensu
2671 3818 2909 3903 optime

536 4098 617 4153 bic
640 4099 806 4152 minus
830 4106 990 4166 recte,
1014 4107 1072 4152 ιιι
1094 4098 1338 4163 arbitror,
1365 4090 1535 4156 αὐτός
1556 4113 1624 4151 ex
1648 4098 1893 4153 adverbio
1919 4092 2053 4154 αὖτε
2076 4108 2245 4154 ortum
2268 4115 2387 4153 esse
2403 4099 2546 4153 dicit.
2589 4096 2787 4166 Nempe
2805 4097 2906 4151 boe

539 4187 702 4257 ipsum
725 4187 1023 4240 adverbium
1047 4178 1179 4240 αὖτε
1205 4193 1374 4238 ortum
1399 4191 1482 4237 est
1506 4198 1574 4237 ex
1600 4177 1670 4239 αὖ
1695 4202 1808 4239 cnm
1831 4186 1922 4239 illa
1947 4188 2118 4241 radice
2141 4188 2563 4253 demonstrativa,
2582 4200 2713 4255 quae
2735 4187 2789 4239 in
2805 4186 2905 4239 ed·

535 4273 727 4327 verbiis
750 4274 829 4339 ΐὲ,
856 4274 911 4326 in
929 4272 1308 4343 pronominibus
1332 4268 1430 4331 τ-οῖ
1452 4270 1525 4341 ut,
1551 4272 1685 4325 unde
1710 4274 1868 4328 etiam
1892 4259 2061 4335 οὗτος
2084 4290 2152 4329 ex
2178 4269 2371 4343 ὂ-τός,
2398 4289 2498 4327 non
2521 4288 2590 4327 ex
2614 4262 2728 4328 ὅτε.

673 4362 726 4427 4)
761 4360 1215 4423 Rumon-Rosea
1238 4359 1307 4415 de
1324 4358 1559 4415 amia
1577 4376 1634 4432 p.
1659 4357 1780 4415 25⁰.
1843 4419 1847 4422 Α
