3102 4866
1373 281 1506 349 463

260 482 331 538 ιιι
357 474 678 539 refutetur
702 474 779 539 ad
802 492 959 551 eum,
988 490 1128 539 cum
1156 469 1608 551 Schulenburgo
1645 486 1823 552 agere
1858 470 2017 536 velle.
2078 470 2251 535 Tunc
2283 469 2614 554 Bogislaus,

263 596 390 643 non
419 578 552 644 sine
577 578 923 645 stomacho:
952 575 1115 652 Quia
1139 575 1248 642 hoc
1275 579 1372 641 rec·
1395 570 1522 640 est?
1547 573 1769 657 inquit.
1808 592 2007 640 nonne
2031 593 2129 639 ate
2170 578 2367 659 epm
2406 592 2615 639 corum

261 679 2615 770 eppeumopombatpmmqumudimqnoemqumpmane

257 784 978 855 mad-timesne?
1003 786 1373 870 Ayitedum,
1411 787 2103 869 ιιοειαιιιιιιοφιωιυιί.
2162 784 2613 851 ltaomnesse·

229 913 400 960 -cum
437 893 505 960 in
539 894 791 959 domum
828 911 1001 958 suam
1039 891 1307 968 deduxit,
1346 909 1497 975 quae
1532 897 1807 974 peterent
1831 889 2078 955 audivit:
2107 889 2419 974 respondit
2446 889 2608 974 quod
2643 900 2714 955 23

257 1018 332 1064 ex
357 1019 426 1064 re
453 1017 589 1065 esse
614 997 862 1064 videret:
887 997 1145 1080 denique
1169 997 1358 1062 laetos
1389 1014 1604 1060 omnes
1633 1003 1693 1059 et
1718 1004 1922 1078 gratos
1949 993 2428 1061 dimisit—Hac
2451 1002 2619 1060 tanta

259 1105 538 1169 comitate
563 1112 627 1168 et
651 1102 986 1169 affabilitate
1014 1103 1238 1168 factum
1266 1107 1379 1177 est,
1407 1108 1477 1165 ut
1503 1098 1829 1165 incredibili
1859 1117 2067 1164 amore
2104 1118 2347 1178 omnes,
2372 1098 2616 1177 summi,

257 1207 468 1283 infimi,
493 1206 836 1291 Bogislaum
863 1207 1379 1295 amplecterentur,
1408 1213 1470 1268 et
1495 1211 1775 1286 tanquam
1804 1203 1996 1268 solem
2024 1203 2453 1293 aliquempost
2474 1203 2615 1270 len·

258 1331 364 1394 gas
392 1310 690 1377 malorum
719 1311 1007 1395 procellas
1037 1311 1200 1375 hunc
1226 1308 1343 1374 sibi
1370 1315 1646 1372 exortum
1674 1327 1813 1373 esse
1838 1307 2265 1391 praedicarent,
2294 1308 2463 1374 cuius
2490 1308 2616 1373 lae·

253 1414 413 1481 tifica
439 1415 570 1481 lnce
597 1416 798 1482 omnia
824 1421 1236 1481 macerentur
1261 1421 1323 1478 et
1348 1411 1821 1478 reflorescerent.

427 1520 622 1586 Etiam
649 1520 879 1606 privata
907 1539 978 1586 ac
1001 1519 1332 1585 domestica
1356 1515 1617 1600 Bogislai
1643 1516 1759 1581 vita
1798 1515 1933 1581 talis
1962 1516 2101 1594 ruit,
2128 1517 2335 1601 qualis
2371 1478 2617 1582 decebat

256 1623 556 1691 eiusmodi
593 1624 956 1709 principem,
1001 1620 1343 1707 splendoris
1383 1639 1455 1686 ac
1490 1620 1792 1705 dignitatis
1830 1621 2026 1705 plena.
2099 1623 2373 1688 Primum
2410 1621 2520 1687 otii
2553 1630 2617 1686 et

253 1729 479 1811 negotii
508 1739 781 1813 tempora
810 1729 1129 1795 commode
1155 1727 1370 1804 divisa,
1408 1733 1480 1792 ut
1512 1743 1823 1808 nunquam
1861 1726 2074 1792 lteram
2113 1726 2401 1811 voluptati
2426 1725 2615 1803 daret,

256 1851 407 1917 quae
442 1833 530 1898 rei
565 1809 837 1918 publicae
870 1833 1212 1909 debes-amr,
1251 1832 1340 1896 rei
1360 1829 1631 1915 publicae
1658 1848 1836 1896 causa
1862 1829 2116 1897 libenter
2152 1831 2535 1916 voluptates
2508 1849 2614 1896 ¹nn·

253 1937 624 2003 teu-mitteret.
683 1938 851 2015 Quae
891 1946 1090 2004 autem
1121 1956 1302 2003 vacua
1339 1943 1615 2020 tempora
1646 1942 1869 2000 nactus
1898 1946 2052 2013 erat,
2090 1955 2160 2001 ea
2196 1935 2263 2000 in
2302 1954 2612 2001 armorum

253 2040 379 2105 fei-e
406 2040 620 2106 studiis
648 2051 709 2107 et
735 2043 800 2107 in
828 2041 1058 2107 musica
1085 2051 1214 2107 arte
1240 2038 1640 2122 consumpsit.
1699 2037 1953 2104 Amabat
1984 2046 2181 2104 autem
2220 2039 2518 2125 imprimis
2540 2039 2613 2104 il-

254 2143 359 2209 lud
387 2146 676 2228 equestris
702 2147 828 2213 ludi
855 2165 1065 2230 genus,
1095 2151 1283 2229 quum
1311 2144 1544 2221 armati,
1574 2143 1751 2209 variis
1781 2142 2150 2209 discursibus
2180 2143 2613 2229 obequitantes,

255 2247 397 2312 dato
426 2248 601 2333 signo
629 2250 864 2315 infestis
892 2250 1079 2316 hastis
1106 2250 1266 2314 inter
1285 2268 1353 2314 se
1382 2257 1776 2326 concurrunt,
1806 2258 1867 2314 et
1895 2256 2278 2333 prosternere
2304 2249 2611 2315 hastarum

256 2351 490 2437 impetu
526 2353 928 2420 adversarium
973 2354 1381 2421 connituntur.
1440 2353 1575 2419 Hoc
1608 2353 1671 2418 in
1712 2354 2034 2419 certamine
2069 2353 2376 2437 Bogislaus
2402 2372 2611 2438 parem

257 2456 375 2521 sibi
410 2459 711 2524 neminem
747 2459 1031 2525 habebat.
1070 2467 1235 2526 tanta
1272 2467 1398 2524 erat
1432 2458 1497 2523 in
1526 2478 1601 2523 eo
1638 2459 1876 2542 peritia,
1918 2468 2153 2525 tantum
2191 2478 2331 2525 cum
2360 2458 2614 2542 agilitate

247 2561 468 2639 robur,
513 2572 583 2628 ut
620 2564 722 2647 qui
759 2564 839 2630 ita
877 2572 1202 2630 certantem
1240 2564 1489 2639 videret,
1528 2558 1818 2628 Achillem
1853 2563 2059 2646 potius
2096 2564 2483 2629 Homericum
2510 2572 2616 2629 aut

255 2666 495 2731 Aiacem
523 2676 625 2733 aut
651 2668 831 2733 alium
869 2667 1129 2735 fabulosi
1166 2668 1457 2752 temporis
1495 2669 1764 2743 heroem,
1794 2686 1972 2751 quam
2004 2688 2148 2734 suae
2175 2668 2381 2734 aetatis
2408 2653 2605 2732 liomi·

254 2787 395 2835 nem
435 2791 503 2837 se
536 2773 751 2838 intueri
789 2782 1041 2857 putaret.
1099 2772 1431 2838 Accedebat
1469 2773 1633 2856 quod
1670 2772 1804 2855 ipsa
1838 2772 2101 2856 Bogislsi
2139 2759 2335 2838 forma
2381 2771 2613 2839 divinae

253 2875 559 2941 cuiusdam
588 2876 916 2943 maiestatis
945 2877 1338 2943 admiratione
1350 2876 1623 2942 omnium
1655 2877 1861 2942 oculos
1880 2886 1950 2943 et
1976 2884 2210 2943 mentes
2238 2877 2610 2961 percellebat.

252 2979 498 3045 insolita
518 2981 794 3064 corporis
822 2981 1171 3065 magnitudo
1187 3030 1205 3059 ‚
1238 2981 1566 3066 splendidis
1591 2982 1723 3064 ipse
1746 2981 1931 3047 armis
1961 2982 2235 3060 indutus,
2274 3001 2430 3066 equo
2458 2982 2611 3047 insi-

255 3084 407 3148 dens
434 3085 622 3150 arduo
650 3094 710 3150 et
736 3086 877 3163 acri,
905 3085 1012 3168 qui
1040 3094 1100 3154 et
1127 3086 1259 3170 ipse
1286 3087 1509 3152 sentire
1536 3085 1863 3163 videretur,
1893 3106 2070 3170 quem
2100 3087 2293 3152 virum
2323 3089 2522 3165 renuet,
2546 3097 2609 3152 et

251 3188 555 3254 neminem
583 3190 699 3254 nisi
726 3191 891 3255 hunc
919 3209 1222 3256 sessorem
1261 3191 1498 3256 tolerat·
1538 3190 1794 3274 stipatus
1833 3192 2144 3276 splendida
2181 3191 2470 3258 comitum
2500 3209 2607 3256 ca-
2649 3210 2717 3263 24

254 3301 443 3371 terva,
495 3313 651 3377 quos
690 3304 750 3360 et
787 3296 955 3380 ipsos
992 3316 1027 3361 e
1065 3294 1508 3379 procerissimis
1548 3313 1805 3361 suorum
1855 3295 2069 3379 eligere
2118 3295 2375 3375 solebat,
2425 3295 2609 3381 supra

253 3415 467 3462 omnes
511 3406 711 3464 tamen
752 3400 1055 3477 eminens,
1084 3409 1371 3484 tanquam
1408 3399 1597 3465 celsae
1634 3399 2013 3465 basilicarum
2049 3409 2248 3466 turres
2279 3409 2608 3484 ceterarum

252 3501 487 3566 aedium
524 3521 759 3569 summa
796 3504 1027 3586 fastigia
1067 3514 1382 3588 superant:
1423 3523 1571 3569 mox
1596 3504 1841 3571 incitato
1870 3523 2025 3588 equo
2055 3524 2441 3588 procurrens,
2463 3525 2608 3572 mox

253 3604 366 3669 tela
395 3614 708 3690 torquens,
736 3626 880 3672 mox
919 3607 1321 3672 adversarium
1349 3606 1653 3675 deiiciens.
1711 3609 1844 3675 Hoc
1879 3611 2220 3694 spectaculo
2247 3611 2426 3676 etiam
2458 3611 2608 3676 Cae-
2721 3643 2741 3684 ·.

250 3725 446 3772 sarem
473 3709 956 3789 Maximilianum‚
995 3730 1180 3795 quum
1220 3711 1337 3776 iam
1370 3731 1555 3779 senex
1581 3714 1924 3799 Bogislaum
1963 3716 2231 3799 hospitio
2259 3715 2610 3800 excepisset,

254 3810 452 3875 satiari
480 3830 607 3879 non
634 3815 905 3897 potuisse
943 3816 1160 3880 rerunt.
1218 3815 1297 3880 Et
1333 3817 1524 3883 merat
1561 3819 1692 3903 ipse
1731 3819 2167 3885 Maximilianus
2204 3819 2268 3884 in
2303 3820 2610 3885 iuventute
2685 3867 2693 3873 -

131 3988 139 3995 ,
250 3931 556 3981 armorum
585 3927 645 3982 et
671 3920 971 4003 equitandi
999 3919 1212 4003 peritia
1240 3920 1524 4005 insignis,
1550 3922 1769 4007 hisque
1799 3924 2015 3988 studiis
2044 3923 2318 4006 apprime
2344 3924 2608 4001 deditus;
2652 3920 2659 3928 ’

248 4018 357 4083 sed
385 4019 562 4085 talem
588 4040 781 4107 neque
809 4043 877 4089 se
906 4023 1050 4088 olim
1080 4024 1297 4101 fuisse,
1336 4043 1533 4110 neque
1571 4026 1828 4091 similem
1867 4046 2235 4111 quemquam
2268 4027 2489 4093 vidisse
2508 4038 2607 4094 te·

246 4121 537 4201 stabant,
565 4134 628 4189 et
654 4127 1008 4193 obsecrabat
1032 4127 1396 4210 Bogislaum,
1426 4148 1613 4213 quum
1643 4129 1869 4194 bellum
1896 4131 2012 4196 sibi
2039 4133 2291 4197 instaret
2316 4130 2606 4198 adversus
2672 4184 2679 4190 .

248 4225 472 4306 Gallos
433 4238 617 4399 flat-¹21,
614 4233 959 4299 societatem
1009 4251 1214 4298 secum
1258 4234 1455 4310 iniret,
1492 4233 1800 4318 totiusque
1835 4235 2126 4301 exercitus
2163 4235 2291 4301 dux
2322 4246 2385 4301 et
2410 4237 2605 4328 impe-

243 4340 406 4397 rator
645 4371 732 4385 —
809 4351 816 4359 ·

1622 4462 1629 4470 ”
1663 4465 1723 4490 θ’,

711 4584 756 4632 0
