3102 4866
1588 322 1712 388 196

476 509 818 599 μεθέπεις
843 504 891 601 ἢ
918 508 1037 579 καὶ
1065 507 1412 600 πατρώϊός
1440 504 1592 578 ἔσσι
1620 507 1849 591 ξεῖνος.
1924 510 2035 576 His
2062 513 2349 596 exemplis
2377 512 2605 578 accedit
2634 531 2839 595 gram·

477 620 832 684 mancorum
860 618 1211 692 auctoritas,
1249 617 1408 681 velut
1446 615 1664 700 odyss.
1707 617 1811 692 lv,
1854 616 1982 682 '¹112
2021 614 2125 680 ubi
2162 616 2339 698 vulgo
2372 616 2686 681 scribitur:
2719 605 2841 680 0132

479 710 619 787 οἶδ’
671 713 746 787 εἴ
786 713 896 798 τίς
940 742 1061 804 μιν
1089 716 1269 798 θεὸς
1320 708 1567 807 ὤρορεν
1614 709 1697 805 ἠὲ
1755 712 1874 784 καὶ
1932 710 2140 784 αυτοῦ
2191 711 2424 801 θυμός
2473 713 2840 808 ἐφορμήθη

477 816 632 907 ἴμεν
673 818 750 902 ἐς
784 818 1038 905 Πύλον,
1082 823 1493 889 Aristarchum
1539 814 1589 909 ἤ
1627 844 1737 901 τις
1778 824 2098 906 scripsisse
2148 821 2378 887 scholia
2436 824 2579 915 codg
2631 823 2841 887 Ambr.

476 928 602 995 Pal.
631 928 792 994 Harl.
821 928 1056 1005 docent,
1086 928 1409 1012 eademque
1435 916 1484 1016 ἤ
1509 945 1624 1011 pro
1656 918 1717 991 εἶ
1747 926 2015 1011 positum
2052 926 2118 989 in
2159 924 2512 990 huiusmodi
2563 926 2843 989 enuntia·

476 1031 562 1096 tie
605 1032 956 1097 indhectam
1007 1033 1533 1116 interrogationem
1578 1039 1679 1096 aut
1725 1029 2159 1096 dubitationem
2205 1029 2567 1094 habentibus
2620 1028 2845 1094 diserte

393 1154 402 1160 ·
480 1132 822 1219 agnoscunt
846 1137 920 1201 ad
949 1137 1005 1211 1,
1044 1137 1185 1201 175.
1216 1136 1322 1213 111,
1355 1136 1459 1201 72.
1496 1136 1640 1199 172.
1726 1135 1935 1217 Neque
1972 1133 2264 1198 rationem
2296 1132 2537 1197 obstare
2563 1132 2844 1204 arbitror,

481 1238 776 1323 siquidem
801 1229 850 1327 ἤ
874 1240 1169 1323 primitiva
1198 1239 1629 1322 significatione
1646 1237 1777 1301 'non
1809 1230 2279 1315 διαζευκτικὸν
2305 1246 2400 1301 est
2437 1236 2544 1301 sed
2589 1229 2846 1323 ἐρωτη-

479 1337 795 1427 ματικόν,
841 1350 901 1406 et
936 1350 1162 1408 munte
1201 1351 1432 1407 tantum
1470 1349 1720 1406 accentu
1758 1361 1829 1405 ex
1868 1328 1912 1427 ἦ
1946 1348 2177 1416 orm,
2223 1341 2285 1405 id
2326 1342 2487 1424 quod
2519 1341 2653 1425 ipse
2687 1341 2841 1405 Her·

482 1465 742 1512 mannus
772 1446 1044 1530 agnoscit
1071 1445 1217 1510 diss.
1251 1445 1326 1509 de
1353 1445 1545 1528 ellipsi
1574 1455 1634 1510 et
1663 1446 1994 1529 pleonasm.
2027 1444 2254 1527 opusc.
2291 1446 2320 1508 1
2356 1463 2419 1528 p.
2450 1445 2601 1509 209.
2662 1444 2841 1521 Quod

482 1552 535 1617 si
563 1553 643 1617 ita
671 1560 792 1627 est,
821 1536 996 1642 etiam
1030 1550 1091 1614 in
1119 1549 1322 1633 priore
1348 1548 1700 1614 bimembris
1724 1546 2155 1613 annuntiationis
2179 1547 2453 1612 membro
2481 1567 2610 1612 non
2638 1549 2843 1613 minus

483 1664 641 1721 recte
670 1674 850 1738 quam
880 1654 943 1718 in
972 1653 1306 1738 posteriore
1335 1661 1625 1736 ponetur,
1667 1672 1736 1718 ac
1763 1671 1842 1717 ne
1870 1671 1907 1716 a
1935 1652 2195 1736 simplici
2235 1651 2477 1734 quidem
2508 1652 2843 1734 interroga·

482 1761 647 1824 tione
684 1758 966 1823 indirecta
1005 1758 1329 1822 arcendum
1366 1758 1506 1832 erit,
1546 1755 2052 1840 quemadmodum
2091 1754 2308 1839 odyss.
2349 1755 2510 1833 xw,
2548 1755 2671 1820 138
2705 1746 2847 1818 ἀλλ’

484 1853 607 1947 ἂγε
646 1881 769 1944 μοι
811 1855 977 1926 τόδε
1019 1852 1175 1925 εἰπὲ
1214 1853 1335 1924 καὶ
1378 1850 1705 1943 ἀτρεκέως
1745 1854 2122 1938 κατάλεξον,
2166 1850 2213 1947 ἢ
2252 1855 2374 1923 καὶ
2404 1855 2693 1947 Λαέρτῃ
2726 1850 2864 1929 αὖ-.

479 1961 601 2055 τήν
630 1958 790 2032 ὁδὸν
814 1956 1094 2050 ἅγγελος
1135 1954 1355 2043 &San
1395 1963 1497 2028 ubi
1526 1971 1726 2028 tamen
1738 1963 1899 2027 ·olim
1930 1971 1989 2027 et
2017 1955 2079 2027 εἶ
2118 1975 2176 2027 et
2203 1951 2250 2050 ἦ
2278 1982 2521 2048 quoque
2548 1965 2846 2047 scriptum

483 2069 674 2134 fuisse
709 2068 899 2133 schol.
940 2067 1104 2132 Harl.
1144 2067 1500 2132 ostendunt:
1539 2074 1600 2130 et
1634 2065 1796 2131 nied.
1834 2066 1980 2143 vul,
2022 2069 2165 2130 111.
2206 2058 2392 2153 ὄφρα
2433 2062 2553 2131 καὶ
2580 2061 2849 2153 Ἕκτωρ

485 2164 748 2238 εἴσεται
763 2246 768 2251 ,
786 2160 836 2259 ἢ
876 2165 999 2235 καὶ
1038 2164 1204 2252 ἐμὸν
1233 2163 1397 2257 δόρυ
1422 2163 1737 2253 μαίνεται
1776 2163 1847 2235 ἑν
1872 2163 2286 2259 παλάμῃσιν,
2334 2171 2847 2254 quemadmodum

485 2282 604 2360 p‘ro
640 2274 796 2358 vulg.
843 2265 904 2339 εἶ
948 2268 1067 2338 καὶ
1095 2273 1465 2338 scholiorum
1495 2274 1841 2338 auctoritate
1874 2273 2227 2356 Spitznerus
2258 2274 2519 2358 scripsit.
2577 2274 2850 2358 Tragieis

473 2397 634 2444 -vem
657 2377 874 2461 poetis,
903 2385 973 2441 ut
999 2375 1064 2441 in
1093 2375 1220 2441 aliis
1250 2375 1433 2441 rebus
1464 2377 1687 2453 multis,
1711 2378 1792 2443 ita
1820 2377 1883 2442 in
1914 2378 2030 2468 boc
2057 2397 2301 2464 quoque
2318 2369 2366 2467 ἤ
2380 2378 2707 2463 particulae
2731 2398 2850 2444 usu

461 2480 939 2564 -interrogafivo,
976 2480 1192 2546 licebat
1226 2480 1385 2545 baud
1425 2479 1604 2545 dubie
1641 2501 1676 2545 a
1712 2481 1933 2564 vulgari
1970 2501 2118 2546 suae
2158 2482 2369 2547 aetatis
2408 2483 2851 2548 consuetudine

485 2586 765 2653 recedas
799 2594 861 2650 et
898 2584 973 2661 ad
1009 2586 1318 2669 epicorum
1360 2585 1702 2669 exemplum
1742 2585 2076 2650 orationem
2127 2587 2534 2651 conformare:
2585 2586 2849 2651 librariis

486 2697 692 2756 autem
734 2689 991 2772 pronior
1027 2690 1296 2771 profecto
1334 2687 1541 2771 lapsus
1572 2689 1650 2753 ab
1688 2679 1734 2775 ἤ
1776 2690 1851 2753 ad
1894 2680 1955 2753 εἶ
1984 2708 2162 2773 quam
2192 2699 2399 2755 contra
2428 2691 2556 2755 luit.
2616 2690 2851 2768 Quam·
2890 2681 2901 2690 ’

488 2793 706 2859 obtem
731 2791 908 2856 etiam
948 2790 1011 2855 in
1042 2791 1162 2855 boc
1190 2790 1428 2855 Medeae
1462 2809 1643 2856 versu
1680 2800 1739 2855 et
1767 2791 2109 2877 ubicunque
2146 2794 2209 2858 in
2247 2794 2543 2859 similibus
2584 2795 2850 2877 tragico·

486 2914 630 2963 rum
663 2894 814 2960 locis
852 2885 901 2981 ἤ
933 2913 1047 2978 pro
1078 2885 1144 2960 εἰ
1182 2893 1315 2958 libri
1343 2902 1446 2960 aut
1488 2913 1702 2960 omnes
1740 2904 1843 2960 aut
1870 2896 2148 2962 meliores
2179 2899 2467 2976 offerunt,
2511 2900 2853 2964 mutatione

483 2999 906 3066 abstinendum
936 2998 1066 3062 erit.
1758 3027 1765 3034 ·

660 3103 828 3214 Vers
840 3101 997 3167 487:
1030 3092 1130 3186 ἄγ’
1176 3093 1269 3180 ὠς
1309 3094 1489 3191 φίλῳ
1535 3098 1660 3188 γὰρ
1705 3092 1851 3169 ort-'a
1896 3124 2011 3171 σοι
2054 3099 2493 3189 κοινωσομαι,

866 3261 874 3272 .
961 3201 1322 3272 ,δοκοῦσα
1362 3202 1483 3289 μὲν
1523 3198 1599 3271 τί
1640 3201 1819 3293 πρός
1855 3227 1930 3292 γε
1972 3205 2097 3274 σοῦ
2139 3203 2425 3296 πράξειν
2467 3207 2722 3292 taldis,-

567 3371 612 3378 ..
781 3365 791 3378 .
872 3343 898 3370 ·.
1026 3302 1214 3392 ὅμως
1256 3301 1343 3390 δ’,
1387 3303 1765 3397 ἐρωτηθεὶς
1804 3307 1928 3397 γὰρ
1973 3305 2255 3394 αισχίων
2297 3310 2514 3400 φανεῖ.

549 3411 748 3500 &Ulia
759 3412 1074 3481 Elmsleius
1090 3414 1473 3479 scribendum
1487 3415 1816 3481 intellexite
1838 3417 2114 3482 codicum
2144 3419 2267 3482 fere
2294 3418 2567 3484 omnium
2593 3419 2854 3485 lectione

427 3505 436 3512 ’
488 3511 614 3603 μέν1
650 3538 741 3597 τι,
785 3537 966 3602 quam
996 3515 1379 3582 scholiastam
1409 3537 1648 3601 quoque
1679 3519 1740 3583 in
1769 3521 2041 3604 exemplo
2071 3541 2185 3586 suo
2207 3522 2499 3588 babuisse
2522 3524 2701 3588 verba
2722 3525 2851 3589 eius

487 3622 845 3697 mandunt,
891 3641 1076 3705 quum
1117 3621 1300 3685 altera
1335 3615 1429 3708 μή
1472 3641 1570 3700 τι,
1602 3641 1779 3706 quam
1808 3624 2060 3708 Musgr„
2092 3625 2294 3703 Pers„
2332 3626 2566 3706 maun,
2594 3627 2852 3712 Pflngk„

487 3735 864 3810 receperunt,
893 3726 1216 3791 admodum
1249 3724 1491 3808 exiguae
1530 3724 1610 3789 sit
1638 3726 2024 3792 auctoritatis.
2083 3730 2464 3814 Quamquam
2493 3732 2662 3814 quod
2692 3733 2853 3797 hanc
2902 3788 2917 3792 ,.

487 3827 802 3898 -msleius
829 3849 908 3894 ne
933 3848 1202 3913 graecam
1220 3828 1459 3914 quidem
1492 3848 1626 3893 esse
1648 3830 1982 3906 contendit,
2015 3831 2182 3897 facile
2203 3842 2329 3898 erat
2348 3836 2423 3900 ad
2446 3835 2850 3909 resultandum,

485 3923 930 4020 retentumque
970 3944 1062 4000 est
1099 3934 1174 3999 ab
1212 3933 1578 3998 Hermanno.
1639 3931 1757 3997 Sed
1795 3933 2059 3998 Elmsleii
2097 3935 2414 4003 lectionem
2467 3938 2855 4003 commendat

486 4043 754 4128 primum
784 4033 972 4125 ὅμως
1014 4035 1095 4107 δέ
1117 4058 1294 4104 versu
1324 4037 1634 4123 proximo,
1675 4036 1898 4121 quippe
1935 4039 2097 4123 quod
2140 4042 2550 4107 concessivam
2579 4043 2849 4126 particu—

439 4231 442 4234 ,
485 4146 608 4213 lam
631 4140 859 4231 μέν’,ἰη
885 4144 1073 4230 priori
1101 4143 1374 4208 membro
1403 4142 1666 4225 flagitare
1695 4142 2140 4225 quodammodo
2168 4145 2465 4211 videatur:
2496 4144 2711 4211 deinde
2740 4146 2852 4211 ali-

489 4258 714 4332 quanto
740 4248 958 4314 fortior
985 4256 1046 4313 et
1073 4246 1324 4311 vividior
1347 4245 1545 4311 existit
1575 4245 1765 4310 oratio
1796 4245 2066 4327 figurata,
2099 4267 2283 4330 quum
2313 4249 2700 4332 interrogatio
2733 4270 2853 4335 pro

488 4352 804 4436 negatione
844 4352 1119 4436 ponitur:
1158 4352 1427 4435 exempla
1462 4358 1659 4415 autem
1709 4348 1888 4413 buius
1938 4368 2119 4431 usus,
2172 4351 2224 4414 si
2265 4370 2419 4435 quae
2458 4352 2530 4417 ab
2562 4352 2856 4420 Elmsleio

2910 4247 2964 4273 ρ
