3102 4866
2799 511 2813 523 .
2949 513 2956 518 .

2563 530 2608 574 ’.
2681 508 2942 574 amein-

2683 638 2694 672 ι
2737 627 2944 673 ·*’··ἴ·’·’ῐῑ

2669 722 2728 780 ,24
2795 709 2940 756 ...s-3,

2667 845 2700 870 τ’
2750 817 2764 854 ¹
2815 839 2952 870 :¹⁸³

2721 923 2752 984 t}
2787 933 2938 986 o‘:⁴-’es«

2765 1033 2932 1092 ‘·*ftt·

2803 1123 2958 1216 fif

2729 1229 2780 1266 ‘f
2825 1261 2840 1268 -
2911 1245 2946 1272 ἰ

586 1369 1248 1558 ‘comitr-Ano
1278 1448 1347 1544 v
1373 1447 1506 1543 An
1547 1445 2022 1570 omnem
2075 1381 2246 1547 ns
2291 1372 2414 1546 DE
2445 1369 2649 1545 m.
2694 1363 2972 1580 Deos}

530 1769 564 1823 ³
635 1811 661 1820 ..
763 1737 945 1833 Quos
974 1747 1616 1840 aequanimam
1646 1778 1682 1824 a
1707 1777 1810 1823 mo
1838 1761 2058 1825 ramum
2086 1761 2200 1838 est,
2230 1775 2415 1841 quum
2438 1738 2751 1824 οῑωὲοιιῑι
2773 1755 2968 1822 ειη-ω

600 1860 679 1925 de
703 1867 914 1927 natura
943 1860 1198 1926 deorum
1226 1860 1486 1939 ederem,
1518 1870 1589 1927 ut
1615 1862 1692 1928 de
1719 1862 2107 1927 emendandis
2139 1860 2497 1946 quibusdam
2524 1860 2692 1938 locis,
2721 1860 2800 1926 de
2830 1861 2968 1944 qui-

598 1962 715 2040 bus
754 1963 823 2030 in
856 1962 1242 2030 annotatione
1277 1982 1578 2048 exponere
1613 1974 1866 2049 propter
1900 1965 2055 2030 illius
2092 1964 2371 2031 editionis
2400 1963 2716 2030 consilium
2745 1966 2969 2048 nequi·

599 2059 829 2150 reram,
866 2068 933 2134 in
958 2066 1057 2134 his
1084 2066 1295 2133 libellis
1334 2068 1716 2147 academicis,
1756 2069 1860 2153 qui
1897 2070 2237 2153 complures
2276 2069 2601 2153 quotannis
2626 2066 2779 2133 milii
2808 2069 2968 2133 scri-

595 2171 774 2254 bendi
823 2180 998 2250 sunt,
1045 2172 1377 2239 accuratius
1414 2171 1814 2258 disputarem,
1849 2171 2006 2237 idem
2044 2172 2221 2237 etiam
2259 2173 2383 2237 hoc
2416 2180 2690 2255 tempere
2727 2172 2970 2247 nciam,

596 2292 785 2358 quum
812 2277 989 2342 altera
1010 2263 1250 2341 illorum
1276 2275 1568 2342 librorum
1604 2276 1785 2342 editio
1826 2294 2022 2361 nuper
2057 2276 2206 2341 mihi
2244 2276 2504 2342 curanda
2538 2275 2737 2341 fuerit.
2812 2275 2968 2341 Nam

588 2378 885 2466 *quoniam
920 2379 1199 2447 universa
1238 2379 1517 2447 editionis
1558 2382 1710 2447 ratio
1749 2388 1810 2447 et
1844 2383 2037 2448 forma
2064 2399 2191 2446 non
2231 2380 2460 2448 diversa
2487 2400 2624 2465 esse
2650 2378 2863 2446 debuit
2890 2379 2974 2446 ab

597 2484 697 2549 illa
720 2484 953 2569 priore,
997 2503 1177 2570 quam
1204 2485 1348 2551 viris
1374 2485 1839 2569 intelligentibus
1873 2486 2019 2551 satis
2047 2485 2344 2569 placuisse
2371 2485 2571 2562 rideo,
2609 2501 2776 2550 nunc
2807 2503 2971 2569 quo·

596 2608 918 2674 queopera
955 2609 1090 2655 mea
1124 2589 1981 2668 ineomaximeversataest,
2016 2586 2968 2673 uuquaeadmctaminterpre-

594 2692 882 2759 talionem
910 2692 1207 2777 pertinere
1240 2692 1609 2786 viderentur,
1650 2713 1829 2779 quam
1859 2712 2108 2779 possem
2143 2692 2492 2777 planissime
2527 2699 2588 2756 et
2613 2691 2973 2757 brevissime

596 2815 984 2881 exponerem,
1020 2796 1498 2862 emendationem
1538 2805 1736 2863 autem
1789 2797 2053 2881 vulgatae
2088 2797 2360 2862 lectionis
2396 2797 2686 2861 hactenus
2715 2796 2970 2862 deinum

597 2902 949 2985 attingerem
979 2912 1274 2984 quatenus
1301 2900 1548 2967 necesse
1576 2909 1755 2979 esset,
1783 2921 1860 2966 ne
1888 2900 2030 2986 quid
2061 2900 2509 2984 relinqueretur,
2536 2899 2702 2984 quod
2731 2910 2839 2966 ant
2864 2902 2973 2967 in-

594 3005 777 3090 telligi
823 3012 982 3071 recte
1006 3023 1158 3074 ,non
1208 3014 1445 3089 posset,
1506 3015 1609 3072 aut
1663 3004 1895 3089 legibus
1944 3006 2110 3070 latini
2161 3004 2464 3071 sermonis
2523 3003 2969 3072 adversar-etun

596 3110 1003 3189 Quamobrem
1043 3108 1200 3174 sieut
1243 3108 1469 3194 aliquot
1514 3110 1682 3175 locos
1729 3109 1906 3175 etiam
1956 3118 2166 3175 contra
2217 3110 2490 3176 codicum
2543 3109 2969 3177 auctoritatem

596 3215 893 3298 corrigere
944 3231 1069 3279 uon
1108 3213 1395 3291 dubitari,
1436 3214 1525 3279 sic
1575 3213 1672 3279 alii
1718 3232 1845 3280 non
1883 3215 2057 3300 pauci
2085 3214 2286 3280 intacti
2318 3214 2572 3299 relinqui
2609 3222 2970 3298 potuerunt,

530 3351 540 3360 ·
597 3338 787 3402 quos,
806 3319 860 3385 si
889 3318 1074 3383 critici
1102 3317 1351 3383 editoris
1379 3337 1705 3401 personam
1736 3318 2159 3404 suscepissem,
2187 3320 2393 3404 utique
2421 3317 2744 3384 mutandos
2774 3320 2974 3386 fuisse

590 3440 723 3500 non
752 3441 852 3487 me
881 3422 1130 3504 lugeret.
1219 3420 1373 3486 Nam
1416 3422 1654 3488 codices
1692 3421 1915 3489 horum
1952 3423 2274 3502 librorum,
2313 3423 2427 3490 etsi
2464 3442 2537 3488 ex
2575 3441 2703 3488 uno
2742 3441 2971 3490 omnes

595 3525 895 3611 exemplo,
934 3544 1141 3609 eoque,
1168 3544 1297 3591 uon
1334 3526 1597 3610 imavo,
1634 3529 1742 3592 sed
1779 3527 2049 3593 mutilato
2087 3535 2148 3593 et
2174 3526 2379 3594 multis
2415 3526 2616 3592 modis
2648 3538 2971 3613 corrupto,

593 3628 892 3696 derivatos
920 3647 1056 3693 esse
1081 3629 1282 3714 primo
1314 3629 1514 3695 statim
1543 3640 2106 3717 aspectuappareat,
2136 3635 2285 3699 adeo
2311 3642 2514 3698 tamen
2544 3632 2775 3716 passim
2804 3632 2972 3700 intu-

594 3753 664 3798 se
687 3722 1059 3821 died-epam,
1100 3739 1168 3796 ut
1208 3741 1401 3797 certas
1440 3735 1732 3818 quasdam
1772 3735 1944 3820 quasi
1997 3736 2222 3802 classes
2260 3745 2363 3803 aut
2401 3735 2652 3802 familias
2691 3736 2969 3805 bonitate

592 3837 863 3922 dispares
908 3854 1230 3920 agnoscas,
1280 3836 1344 3902 in
1396 3856 1648 3922 quarum
1690 3839 2001 3917 dissensu,
2040 3839 2141 3905 ubi
2174 3839 2442 3922 graviora
2469 3849 2782 3907 momenta
2810 3842 2969 3907 defl-

592 3942 781 4019 ciant,
832 3958 1044 4006 eorum
1087 3939 1363 4005 codicum
1410 3941 1730 4008 lectionem
1779 3951 2127 4027 praeoptes,
2168 3962 2324 4028 quos
2365 3944 2440 4010 de
2468 3944 2715 4011 meliore
2740 3945 2972 4011 nmilia

591 4065 728 4110 esse
758 4042 1131 4127 cognoveris.
1219 4043 1439 4110 Verum
1469 4044 1816 4111 huiusmodi
1844 4045 2054 4112 labore
2083 4046 2358 4114 curiosae
2394 4047 2672 4115 codicum
2699 4039 2966 4133 inquisi-

588 4148 802 4224 tionis,
844 4147 1101 4213 molesto
1141 4146 1235 4212 illo
1267 4148 1563 4233 taediique
1589 4148 1798 4233 pleno,
1838 4150 1985 4215 mihi
2016 4150 2254 4233 quidem
2284 4152 2532 4236 impune
2559 4153 2972 4238 supersedere

458 4294 465 4299 -
592 4249 760 4315 licuit
794 4259 1047 4334 propter
1085 4249 1362 4316 editionis
1402 4272 1570 4319 meae
1606 4253 1929 4319 rationem:
1968 4256 2407 4322 exhauriendus
2445 4265 2644 4323 autem
2683 4256 2968 4325 ruirviro

593 4352 961 4431 doctissimo,
975 4352 1311 4435 Reinholdo
1327 4355 1576 4435 Klotzio,
1600 4359 1822 4444 quippe
1847 4357 1951 4444 qui
1980 4377 2223 4425 summo
2246 4360 2448 4426 studio
2477 4359 2541 4427 id
2566 4348 2971 4445 potissimum
