3102 4866
1593 331 1680 399 52

455 523 955 604 schefl'elius10),
985 521 1126 587 illud
1154 530 1355 587 tamen
1382 532 1570 600 certe,
1597 522 1762 605 quod
1790 518 2037 594 Uannii,
2067 517 2242 583 Plinii
2270 516 2640 601 aliorumque
2667 514 2814 581 cita·

456 628 725 694 tionibus
763 629 1023 697 wolfius
1056 627 1258 699 doceri
1295 627 1403 704 ait,
1451 626 1910 709 haudquaquam
1949 642 2024 687 ex
2073 622 2148 685 iis
2198 620 2353 685 effici
2407 621 2812 687 consentiunt:

457 733 846 818 quamobrem
877 732 1048 816 plura
1080 731 1154 796 do
1182 731 1278 796 his
1307 750 1471 797 nune
1498 731 1612 797 dici
1651 729 1797 795 nihil
1827 727 2054 802 attinet.
2112 725 2377 810 Heyerus
2405 731 2641 819 autem.¹
2667 728 2725 805 ¹)
2754 725 2815 791 id

354 854 366 868 ‘
458 838 609 918 adeo
637 837 1048 902 demonstrare
1077 846 1327 900 conatus
1355 844 1465 913 est,
1490 835 1716 901 nullam
1745 834 1916 898 aliam
1945 840 2180 917 praeter
2203 831 2362 896 hanc
2387 840 2658 896 nostram
2685 847 2817 895 esr-

350 942 357 949 “
457 940 640 1005 minis
668 940 941 1017 ‚formam
980 959 1061 1004 ne
1096 947 1236 1004 ante
1270 939 1562 1005 bellorum
1602 938 1981 1004 Persicorum
2019 937 2259 1021 quidem
2299 946 2574 1020 tempora
2612 935 2817 1012 fuisse,

459 1044 621 1127 qnod
650 1061 785 1127 ego,
814 1043 962 1109 licet-
976 1044 1196 1109 salsum
1224 1043 1419 1109 dicere
1447 1044 1905 1127 haudquaquam
1934 1042 2203 1120 audeam,
2231 1050 2433 1106 tamen
2455 1039 2818 1123 argumentis

455 1146 535 1212 ab
572 1146 673 1212 illo
712 1147 960 1232 prolatis
998 1145 1279 1231 probari*
1294 1166 1481 1232 posse
1517 1168 1694 1231 nego.
1779 1147 1966 1211 Affert
2003 1146 2164 1211 enim
2202 1145 2430 1229 aliquot
2463 1142 2821 1220 Archilochi,

389 1265 423 1319 9
461 1253 791 1319 Simonidis
818 1253 1148 1336 utriusque,
1176 1249 1389 1329 Alcaei,
1419 1250 1766 1328 Stesichori,
1793 1249 2179 1332 Theognidis,
2207 1248 2478 1326 Pindari,
2509 1247 2819 1330 Timocre-

459 1358 623 1423 ontis
650 1357 843 1434 locos,
895 1357 1112 1441 quibus
1163 1358 1576 1422 demonstrare
1605 1355 1754 1432 vult,
1804 1354 1879 1419 ab
1930 1354 2043 1419 illis
2078 1355 2200 1418 ism
2237 1354 2444 1419 eadem
2483 1353 2546 1417 in
2573 1351 2820 1417 Hesiodi

456 1459 718 1527 carmine
738 1460 893 1525 lecta
924 1479 1075 1538 esse,
1104 1480 1253 1544 quae
1280 1462 1580 1544 hodieque
1608 1480 1641 1524 a
1671 1456 1854 1525 nobis
1892 1458 2186 1542 leguntur.
2274 1457 2482 1541 Atqui,
2519 1477 2596 1523 ne
2626 1457 2820 1522 dicsm

262 1561 271 1571 ’
349 1608 355 1613 -
457 1583 592 1630 esse
642 1565 708 1629 in
757 1564 856 1629 his
893 1583 1083 1630 unum
1128 1573 1303 1649 atque
1341 1566 1592 1631 alterum
1629 1564 1832 1647 paullo
1880 1562 2154 1646 cupidius
2203 1569 2644 1645 assumptnm,·
2667 1561 2823 1625 velut

460 1688 649 1753 quum
684 1669 1120 1747 Timocreonti,
1161 1689 1400 1736 carmen
1439 1669 1793 1735 invectivum
1833 1669 1896 1733 in
1938 1666 2403 1733 Themistoclem
2444 1666 2535 1731 sic
2572 1684 2819 1730 exorso:

458 1765 580 1840 οὐκ
635 1763 768 1859 ἄρα
829 1767 1219 1858 Τιμοκρέων
1266 1772 1511 1859 μοῦνος
1565 1762 1643 1851 ὃς
1695 1767 2053 1859 Μήδοισιν
2106 1762 2529 1857 ὁρκιατομεῖ,
2582 1769 2821 1836 initium

455 1876 721 1961 Operum
752 1877 1137 1943 obversatum
1169 1898 1306 1942 esse
1333 1878 1475 1953 vult,
1514 1866 1636 1942 οὐκ
1681 1866 1813 1962 ι’ίροι
1854 1873 2097 1960 μοῦνον
2139 1866 2253 1964 ἔην
2276 1865 2565 1965 Ἐρίδων
2603 1869 2821 1959 ydros:

455 1981 688 2047 etiamsi
719 1981 852 2065 quis
874 2001 1013 2048 vere
1040 1992 1247 2066 poetes
1278 1982 1413 2046 illos
1436 1980 1770 2045 Hesiodum
1799 1981 2136 2064 respexisse
2165 1978 2466 2055 concedat,
2493 1979 2642 2044 nihil
2663 1978 2822 2044 aliud

455 2094 655 2151 tamen
693 2085 836 2151 hino
874 2087 1191 2165 efficietur,
1233 2105 1412 2170 quam
1450 2086 1622 2152 locos
1662 2085 1997 2151 Hesiodeos
2037 2083 2380 2168 complures
2417 2082 2596 2149 etiam
2631 2083 2707 2149 ab
2744 2083 2820 2148 iis

458 2190 647 2255 lectos
677 2209 839 2268 esse,
877 2199 1081 2256 totum‘
1115 2203 1315 2256 autem
1353 2209 1593 2257 carmen
1631 2191 1744 2256 bae
1782 2192 1975 2256 forma
2014 2198 2075 2254 et
2110 2188 2232 2254 hoc
2259 2189 2493 2266 ordine,
2529 2188 2634 2272 qui
2660 2205 2823 2253 nunc

460 2302 584 2373 est,
636 2296 1041 2378 compositum
1092 2296 1211 2359 iam
1263 2303 1393 2360 tum
1445 2296 1635 2360 fuisse
1687 2295 1744 2358 id
1784 2313 1927 2369 vero
1977 2314 2102 2360 non
2151 2294 2438 2377 consequi
2489 2293 2820 2359 fatebimur.

457 2398 662 2483 Itaque
696 2399 883 2465 satius
923 2407 1055 2464 erat
1087 2397 1232 2463 illud
1270 2398 1495 2476 dicere,
1536 2399 1699 2483 quod
1740 2398 1994 2464 obtineri
2048 2407 2273 2482 potest,
2321 2397 2551 2464 nullum
2591 2406 2820 2464 certum

459 2504 744 2571 indicium
784 2523 921 2569 esse
972 2502 1254 2569 carminis
1293 2503 1461 2569 aliter
1507 2522 1686 2586 quam
1729 2522 1891 2568 nuuc
1928 2504 2304 2568 conformati.
2383 2503 2610 2586 Neque
2656 2502 2820 2567 enim

461 2606 738 2673 audiendi
768 2615 963 2684 erunt,
992 2606 1093 2689 qui
1123 2605 1251 2671 fieri
1279 2607 1550 2692 potuisse
1579 2617 1822 2689 negant,
1860 2615 1928 2672 ut
1955 2625 2112 2690 opus
2149 2617 2274 2673 tam
2301 2607 2729 2674 inconcinnum
2761 2615 2821 2671 et

360 2702 370 2711 ’
456 2713 615 2778 male
648 2712 1053 2802 compositum
1092 2729 1206 2793 pro
1246 2709 1542 2776 Hesiodeo
1591 2719 1795 2776 tamen
1833 2730 1868 2775 a
1904 2711 2200 2776 veteribus
2237 2711 2582 2789 haberetur,
2631 2709 2820 2794 quum

460 2818 815 2901 praesertim
853 2814 1150 2898 hodieque
1186 2815 1511 2880 nonnullos
1540 2815 1696 2879 hanc
1741 2814 2267 2880 inconcinnitatem
2309 2824 2410 2880 aut
2448 2833 2576 2880 non
2627 2833 2817 2902 agno-

459 2941 630 2987 scere
656 2930 761 2987 aut
787 2939 1071 2985 excusare
1099 2919 1421 2984 videamus.
1483 2919 1758 2984 Ceterum
1790 2937 1942 3000 quae
1970 2918 2032 2982 in
2060 2917 2295 2984 laudem
2324 2918 2574 2983 Hesiodi·
2599 2937 2632 2982 a
2653 2926 2818 2983 vete-

462 3026 632 3091 ribus
654 3024 873 3092 criticis
892 3024 1187 3100 dicuntur,
1209 3024 1511 3107 pertinent
1539 3023 1661 3087 sere
1683 3031 1787 3088 sut
1806 3022 1878 3086 ad
1893 3022 2198 3087 utilitatem
2229 3033 2681 3106 praeceptorum
2711 3033 2816 3086 aut

458 3129 537 3195 ad
573 3147 760 3212 genus
802 3128 1035 3193 dicendi
1072 3128 1403 3205 mediocre,
1455 3146 1577 3210 quo
1617 3145 1755 3191 eum
1792 3126 2069 3191 excellere
2107 3126 2817 3205 aiun112),unimum

456 3241 656 3298 autem
687 3251 937 3315 operum
968 3232 1505 3297 conformationem
1535 3238 1854 3314 aptamque
1890 3231 2150 3313 partium
2179 3210 2682 3315 compositionem
2712 3231 2814 3313 qui

442 3336 805 3414 ,Ιιιιιδιιιοι-ἰι,
829 3336 1101 3419 equidem
1130 3337 1273 3400 novi
1301 3335 1624 3400 neminem.
2173 3359 2177 3364 ·

629 3440 893 3506 Omnino
937 3449 1137 3504 autem
1179 3439 1426 3504 Hesiodi
1470 3439 1834 3503 carminibus
1878 3440 2204 3506 admodum
2249 3441 2544 3508 diversam
2589 3449 2813 3507 sortem

457 3563 635 3628 quam
665 3544 998 3609 Homericis
1030 3544 1350 3626 contigisse
1377 3543 1669 3608 videmus.
1761 3543 1919 3609 Haec
1956 3545 2115 3610 enim
2146 3556 2242 3611 sat
2269 3556 2501 3612 mature
2529 3545 2814 3611 excellen-

597 3793 680 3861 10)
714 3792 774 3847 ln
795 3793 1019 3864 Hesiodi,
1044 3769 1243 3849 Humeli
1267 3800 1368 3848 etc.
1391 3791 1709 3859 ragueau.
1733 3809 1782 3862 p.
1807 3791 1910 3847 202
1935 3808 2046 3864 sqq.

599 3878 772 3946 mla
741 3896 971 3983 opt-ogr.
997 3881 1261 3950 supralsu
1226 3881 1311 3932 u.d
1334 3895 1383 3949 p.
1410 3879 1623 3933 9-13
2727 3899 2754 3936 ··‚

596 3966 678 4034 12)
717 3965 930 4035 Quintil.
953 3965 1077 4020 lat.
1104 3983 1182 4021 or.
1206 3965 1355 4034 x,1‚
1379 3966 1470 4022 523
1494 3966 1669 4035 „Raro
1703 3969 1932 4035 assurgit
1954 3967 2233 4037 Hesiodus,
2259 3918 2698 4041 nascaq-‘epam'
2702 3969 2812 4024 eius

453 4069 513 4107 es
516 4054 578 4108 ti
561 4071 613 4107 ιιι
631 4055 912 4108 nominibus
937 4062 1209 4125 occupat-3
1239 4061 1403 4108 tamen
1420 4054 1580 4110 utiles
1603 4056 1739 4109 eires
1757 4063 2029 4125 praecepta
2055 4073 2146 4109 sen
2115 4059 2360 4124 nte-tiae,
2385 4056 2674 4127 levitasque
2690 4073 2812 4111 ver-

454 4141 633 4194 borum
649 4147 705 4195 et
720 4142 1099 4215 compositionis
1124 4141 1429 4211 probabilis.
1455 4142 1703 4211 daturque
1722 4144 1772 4195 ei
1789 4143 1987 4212 palme
1973 4161 2022 4197 ιιι
2048 4144 2142 4197 illo
2157 4145 2325 4198 medio
2350 4161 2447 4212 ges
2451 4160 2541 4199 ere
2558 4143 2811 4198 ‹fiee-dif‘

453 4227 763 4297 Compositio
766 4231 991 4283 niemdc
993 4231 1035 4283 it
1066 4246 1165 4282 nno
1202 4229 1371 4298 partin
1338 4230 1645 4281 ιιίιιιιιοιιηιι
1617 4246 1722 4292 s,
1770 4231 1929 4283 sed
1930 4231 2185 4285 ‹at-ohram.
2248 4231 2457 4284 Cilnio
2426 4248 2574 4301 oo.ys
2609 4246 2812 4285 essm.

452 4321 583 4384 vett.
607 4330 653 4367 e.
677 4314 735 4368 2:
778 4310 1021 4370 ‘Hotodo
989 4334 1053 4376 ος
1072 4313 1183 4389 μὲν
1204 4312 1335 4388 γὰρ
1341 4311 1679 4413 ἐφρόντισεν
1704 4298 1930 4388 ἧδονῆς,
1954 4312 2108 4374 καὶὸ
2076 4314 2377 4393 evomitum
2400 4321 2482 4375 λει
2461 4314 2691 4389 corvis-oc
2713 4319 2805 4372 καὶ

455 4403 778 4462 συνθέσεως
808 4400 1089 4475 ἐμμελοῦς
1777 4451 1782 4456 ,
2181 4451 2188 4456 .
2297 4445 2302 4450 .
2500 4470 2506 4475 ,
3045 4393 3053 4473 f

3046 4482 3058 4566 't
