3102 4866
1604 291 1737 357 246

489 487 750 554 libellum
782 483 1167 569 superstitem
1201 482 1415 561 tuisse,
1443 491 1502 548 et
1528 500 1659 548 non
1685 482 1872 547 modo
1902 481 1979 548 ad
2007 482 2169 548 Sexti
2195 488 2447 547 aetatem
2473 484 2861 568 perdiu-asse,

497 593 608 658 sed
635 604 755 656 una
782 607 922 654 cum
951 587 1088 673 ipsa
1113 585 2383 672 distiplinammmaticaetiamByzantium
2405 589 2860 672 commigrasse,

494 695 599 761 um
624 694 691 758 in
720 692 1201 758 Theodosiorum
1230 690 1867 757 cthoeroboscorum
1894 709 2023 756 non
2050 691 2254 755 minus
2282 707 2463 774 quam
2492 691 2634 757 olim
2664 694 2733 758 in
2751 713 2859 759 ve-

495 795 1131 879 terummagistrorum
1157 793 2861 879 scholistractaretur.—Quodsiquisbaucipsamlibdli

496 900 812 966 exilitatem
842 909 904 965 et
918 900 1265 987 tenuitatem
1278 898 1613 983 argumenti
1641 897 1986 963 inferiorem
2015 898 2232 963 iudicet
2245 896 2625 963 Alexandrini
2652 916 2861 982 gram-

495 1003 1559 1088 maticieiusquenonsaneignobilis
1579 1001 2245 1088 persona,isremhaud
2272 1021 2348 1066 ex
2372 1019 2517 1067 vero
2545 1003 2864 1069 aestimare

496 1108 785 1174 dicendus
813 1108 912 1174 sit.
973 1107 1271 1174 Nimirum
1301 1107 1460 1173 sicut
1486 1116 1816 1173 ceteramm
1845 1104 2062 1171 artium
2089 1106 2362 1171 itahuius
2381 1114 2629 1176 nostrae
2657 1124 2863 1190 gram·-

495 1212 747 1278 maticae
775 1212 1088 1288 elmenta,
1117 1231 1270 1296 quae
1295 1229 1463 1278 nuuc
1490 1211 1734 1295 quidem
1763 1209 2062 1295 plerisque
2080 1209 2381 1275 levissima
2395 1221 2461 1276 et
2483 1214 2581 1277 vix
2599 1210 2863 1277 ludima-

496 1316 824 1398 gistrorum
857 1316 1073 1382 studiis
1112 1326 1174 1381 et
1199 1316 1339 1381 stilo
1362 1315 1542 1397 digna
1584 1313 1769 1379 videri
1799 1313 2010 1389 solent,
2047 1330 2246 1397 neque
2270 1314 2459 1380 facilia
2485 1314 2658 1380 initio
2689 1324 2866 1381 oeant

495 1419 574 1485 ad
608 1419 1063 1497 inveniendum,
1101 1429 1163 1483 et
1196 1427 1518 1504 postquam
1557 1418 1799 1483 tandem
1835 1415 2151 1500 aliquando
2190 1435 2551 1500 magnorum
2585 1417 2861 1485 virorum

495 1522 752 1607 ingeniis
781 1522 1015 1588 inventa
1044 1534 1229 1601 mut,
1256 1541 1384 1589 non
1413 1531 1539 1588 tam
1570 1522 1688 1588 cito
1715 1520 2047 1606 pervulgari
2077 1529 2138 1584 et
2162 1519 2443 1586 vilescere
2467 1531 2769 1606 poterant,
2796 1532 2866 1589 ut

496 1646 625 1693 non
653 1626 729 1692 iis
757 1625 848 1691 vel
875 1626 1251 1711 perficiendis
1281 1626 1373 1690 vel
1395 1627 1470 1691 ad
1499 1625 1855 1711 popularem
1876 1643 2056 1690 usum
2079 1625 2604 1691 accommodandis
2628 1636 2691 1691 et
2710 1645 2864 1713 pro·

495 1721 995 1816 pagandis‘etiam
1017 1730 1507 1796 doctissimorum
1529 1729 1624 1795 illa
1645 1738 1835 1795 aetate
1853 1728 2171 1794 bominum
2193 1729 2392 1794 studia
2412 1729 2694 1796 collocan'
2723 1750 2863 1797 cum

495 1834 692 1919 aliquo
719 1834 911 1900 laudis
943 1844 1004 1899 et
1030 1834 1282 1900 bonoria
1313 1834 1509 1898 fructu
1535 1832 1859 1918 potuerint.
1917 1831 1995 1896 Et
2023 1833 2227 1916 quanti
2254 1832 2479 1898 laboris
2508 1833 2691 1899 luerit
2719 1835 2864 1900 run-

495 1940 776 2005 damcnta
804 1939 948 2004 artis
977 1947 1220 2004 nostrae
1247 1938 1418 2002 firma
1447 1946 1506 2002 et
1533 1936 1723 2002 solida
1752 1953 2007 2020 ponere,
2036 1955 2335 2021 quamque
2361 1955 2501 2003 sero
2529 1956 2601 2003 ac
2628 1939 2860 2022 paulla-

496 2043 606 2109 tim
644 2043 866 2128 positis
902 2041 1305 2108 fundamentis
1340 2041 1705 2124 reliquarum
1746 2040 2005 2125 partium
2044 2040 2446 2106 exaedificatio
2484 2043 2864 2120 successerit,

419 2204 432 2216 .
495 2165 626 2212 non
651 2148 930 2230 ignorant
955 2146 1241 2211 historiae
1265 2145 1584 2211 litterariae
1610 2143 1786 2229 periti
1814 2153 1874 2209 et
1900 2149 2097 2229 nuper
2122 2144 2450 2210 admodum
2478 2145 2778 2212 subtiliter
2805 2157 2864 2212 et

497 2262 771 2320 accurate
796 2252 1051 2318 Ioannes
1084 2252 1406 2317 Classenus
1435 2248 1718 2333 exposuit
1753 2247 2108 2313 doctissimo
2147 2247 2345 2313 libello
2392 2248 2469 2314 de
2502 2248 2861 2333 primordiis

427 2392 438 2404 -
499 2358 915 2442 grammaticae
941 2374 1182 2440 mesae
1207 2354 1454 2419 Bonnae
1482 2370 1623 2418 ann.
1661 2351 1826 2416 1829
1856 2351 2037 2417 edito.
2087 2386 2175 2399 —
2224 2351 2639 2429 Quamobrem
2669 2373 2864 2439 quum

500 2461 689 2526 aliena
716 2459 796 2526 ab
820 2458 1087 2543 Dionysii
1117 2457 1403 2541 dignitate
1441 2455 1791 2521 huiusmodi
1828 2455 2010 2520 libelli
2052 2457 2344 2521 confectio
2374 2455 2557 2521 videri
2585 2469 2866 2543 nequeat,

497 2564 620 2630 hoc
653 2571 890 2629 t'antum
929 2562 1337 2648 quaerendum
1375 2568 1497 2638 est,
1546 2569 1752 2625 utrum
1788 2559 1908 2624 boc
1942 2559 2110 2643 quod
2146 2577 2312 2625 nunc
2346 2560 2416 2625 in
2451 2548 2734 2628 manibus
2765 2573 2863 2629 est

500 2668 862 2754 opusculum
900 2675 1154 2751 propter
1189 2684 1289 2730 res
1328 2684 1477 2750 quas
1526 2663 1796 2729 continet
1843 2672 1906 2727 et
1940 2672 2404 2748 praeceptorum
2442 2665 2743 2732 rationem
2784 2668 2863 2734 ab

499 2773 622 2838 boc
646 2788 724 2837 an
745 2770 820 2836 ab
848 2770 962 2835 alio
992 2769 1197 2854 potius
1231 2768 1498 2834 diversae
1536 2778 1734 2834 sectae
1772 2775 1832 2831 et
1862 2768 2068 2832 aetatis
2106 2771 2405 2856 scriptore
2440 2772 2860 2855 compositum

500 2875 683 2941 videri
710 2875 939 2941 debeat.
1024 2872 1370 2939 Dubitatum
1398 2873 1511 2937 hac
1537 2872 1614 2936 de
1639 2891 1707 2937 re
1735 2872 1912 2936 etiam
1940 2864 2102 2956 apud
2129 2874 2449 2957 Byzantios
2489 2876 2723 2941 fuisse·
2707 2895 2865 2941 mm-

498 2979 780 3064 pridem
761 2999 838 3057 is,
867 2977 969 3062 qui
996 2977 1230 3063 primus
1259 2978 1415 3064 hanc
1440 2976 1893 3059 grammaticam
1933 2995 2006 3041 ex
2034 2978 2382 3062 apographo
2420 2977 2866 3064 Hamburgensi

501 3083 709 3159 edidit,
736 3082 784 3148 1.
814 3084 884 3147 A.
912 3080 1218 3147 Fabricius
1248 3080 1398 3146 Bibl.
1429 3080 1634 3144 Gracc.
1657 3089 1807 3144 tom.
1837 3080 1996 3165 VIp.
2036 3080 2166 3146 310
2200 3079 2362 3146 Harl.
2393 3080 2627 3161 docuit,
2654 3102 2865 3149 excer-

502 3189 628 3273 pu's
653 3187 808 3253 locis
833 3185 1317 3262 scholiastarum,
1357 3202 1511 3269 quos
1550 3202 1745 3268 nuper
1782 3184 2050 3268 integros
2078 3202 2199 3250 una
2230 3203 2368 3250 cum
2395 3184 2527 3271 ipsa
2555 3204 2865 3270 gramma-

436 3305 470 3357 5
506 3296 622 3359 tica
649 3293 958 3358 Bekkerus
985 3288 1305 3375 publicavit
1330 3287 1547 3354 Anccd.
1580 3288 1680 3353 Gr.
1712 3297 1859 3352 tom.
1890 3288 1969 3365 113
2007 3289 2355 3372 nuperrime
2381 3299 2585 3354 autem
2614 3290 2868 3357 Carolus

508 3394 933 3480 Goettlingius,
970 3394 1061 3459 vir
1099 3393 1399 3477 imprimis
1439 3392 1659 3458 doctus
1695 3400 1755 3456 et
1783 3400 2021 3467 acutus,
2068 3410 2253 3475 quum
2294 3391 2620 3456 Theodosii
2656 3393 2869 3460 Artem

503 3503 706 3567 ederet
734 3505 919 3583 (quae
953 3509 1155 3564 tamen
1193 3515 1320 3562 nou
1350 3505 1474 3562 tam
1503 3496 1634 3579 ipsa
1665 3495 1780 3560 Ars
1809 3495 2009 3560 vocari
2034 3495 2297 3571 debebat,
2327 3514 2505 3580 quam
2533 3495 2718 3562 huius
2749 3517 2868 3564 uo-

504 3612 672 3670 strae
704 3604 868 3668 Artis
905 3601 1406 3681 commentarius)
1445 3599 1510 3664 in
1547 3600 1919 3684 praefatione
1953 3618 2017 3684 p.
2060 3601 2127 3663 V.
2166 3599 2261 3664 vl.
2288 3618 2403 3683 pro
2442 3607 2607 3665 certo
2636 3602 2868 3680 statuit,

502 3707 854 3793 Byzantium
877 3707 1064 3772 misse
1091 3705 1274 3771 huius
1302 3703 1477 3769 libelli
1505 3712 1832 3780 auctorem,
1860 3703 1914 3768 si
1936 3704 2070 3786 quis
2099 3704 2275 3769 fuerit
2299 3703 2620 3789 Byzantius
2648 3706 2871 3772 retu-is

371 3849 378 3858 ‚
504 3812 665 3878 illius
691 3810 958 3894 Dionysii
987 3808 1368 3894 cognominis
1387 3811 1479 3889 ³);
1505 3809 1695 3892 magis
1724 3816 1926 3871 tamen
1958 3807 2237 3873 credibile
2265 3807 2499 3874 censuit
2522 3815 2653 3878 non
2682 3810 2870 3876 unius

644 4091 695 4157 3)
733 4088 946 4144 Scilicet
968 4091 1101 4159 quod
1124 4091 1448 4148 scholiastae
1482 4079 1569 4146 isti
1602 4107 1651 4162 p.
1678 4091 1781 4144 672
1813 4092 1878 4144 de
1912 4091 2162 4162 Dionysio
2196 4094 2409 4162 quodam
2431 4093 2712 4163 loquuntur
2744 4098 2875 4164 Πη-

507 4179 613 4248 ροῦ
634 4177 723 4231 vel
747 4176 949 4242 Πησοῦ
975 4175 1110 4242 tilio,
1134 4182 1219 4248 qui
1243 4180 1420 4233 Thrax
1453 4180 1624 4232 dictus
1646 4179 1718 4231 sit
1740 4185 1831 4231 aut
1869 4193 1899 4231 a
1926 4179 2116 4248 patria,
2139 4186 2231 4233 aut
2253 4187 2465 4249 propter
2487 4180 2693 4246 liuguae
2715 4196 2878 4252 aspe-

505 4265 730 4329 ritatem,
754 4269 846 4316 aut
866 4262 1020 4315 etiam
1043 4259 1186 4317 κατὰ
1209 4260 1451 4333 πλάνην,
1476 4271 1690 4335 apparet
1710 4280 1803 4316 eos
1828 4264 1951 4318 nibil
1974 4265 2073 4319 nisi
2091 4267 2391 4333 hariolator,
2414 4273 2471 4320 et
2490 4266 2658 4337 patris
2682 4284 2874 4323 nonen

503 4365 574 4403 ex
605 4348 753 4419 Tere,
776 4349 861 4418 qui
885 4351 1081 4403 veteris
1105 4350 1247 4405 illius
1269 4359 1421 4421 pater
1443 4352 1558 4421 fuit,
1580 4358 1671 4404 aut
1691 4350 1755 4404 ab
1776 4351 1905 4421 ipsis
1927 4359 2018 4405 aut
2038 4367 2071 4405 a
2095 4353 2280 4407 scribis
2305 4361 2601 4425 corruptum
2623 4370 2766 4410 ease.
