3102 4866
1538 274 1626 338 40

404 463 615 530 veniat.
666 463 874 529 Potest
894 471 1093 528 autem
1120 463 1266 541 fleri,
1287 471 1373 541 ut,
1403 483 1554 547 quae
1582 465 1672 530 sic
1696 483 1810 549 per
1834 463 2102 547 episodia
2124 466 2771 544 carminijinseruntur,

406 571 539 653 ipsa
566 568 743 651 etiam
771 567 1067 634 eiusmodi
1100 568 1237 644 sint,
1268 587 1422 651 quae
1448 569 1665 635 idonea
1691 569 2009 655 tragoediis
2038 579 2386 653 argumenta
2415 573 2769 656 praebeant:

406 675 564 740 velut
591 692 742 758 quae
769 673 836 737 ll.
868 673 943 736 vl
973 674 1048 737 de
1074 673 1550 758 Bellerophonte,
1573 674 1636 739 n.
1665 675 1748 738 IX
1776 677 1850 740 de
1876 662 2187 757 Meleagro,
2216 674 2329 739 Od.
2364 675 2435 738 [V
2475 677 2550 740 de
2572 678 2770 744 Ulixis

408 778 810 863 speculatione
838 796 948 861 per
979 777 1360 843 occasionem
1391 798 1442 844 s.
1474 780 1775 862 episodice
1796 791 2132 845 narrantur.
2171 779 2395 844 Verum
2416 780 2771 847 Aristoteles

406 902 485 948 ne
512 882 781 947 Rhesum
810 882 1078 965 quidem,
1106 883 1161 947 si
1189 884 1346 948 hanc
1383 883 1643 949 rabidam
1672 885 1827 968 legit,
1857 892 1959 949 aut
1987 883 2344 949 Nausicaam
2380 892 2441 949 et
2468 885 2772 952 Phaeaces

404 1006 477 1051 ex
517 985 649 1069 ipsa
700 985 877 1050 lliade
927 987 1176 1071 ipsaque
1214 987 1507 1072 Odyssea,
1558 989 1664 1052 sed
1715 1008 1790 1053 ex
1838 988 2124 1072 episodiis
2176 996 2407 1053 tantum
2460 989 2661 1055 lliadis
2714 1001 2777 1055 et

404 1091 704 1175 Odysseae
734 1091 919 1156 iactas
950 1111 1085 1156 esse
1114 1091 1360 1170 diceret,
1399 1112 1550 1177 quae
1580 1092 1847 1175 quamvis
1878 1100 2024 1175 apte
2046 1093 2173 1157 suis
2202 1093 2380 1172 locis,
2409 1112 2539 1159 non
2569 1103 2775 1161 tamen

410 1198 561 1261 adeo
601 1196 945 1281 necessaria,
976 1205 1144 1274 sunt,
1183 1206 1252 1260 ut
1290 1197 1354 1260 in
1402 1196 1594 1279 ipsius
1636 1216 1906 1263 summae
1944 1196 2174 1261 rabulae
2203 1197 2505 1281 partibus,
2549 1200 2774 1284 quibus

404 1300 662 1385 demptis
717 1310 819 1365 aut
868 1300 1251 1384 transpositis
1310 1301 1468 1365 hanc
1516 1319 1754 1384 quoque
1802 1301 2033 1382 alterari
2083 1311 2144 1366 et
2189 1302 2422 1367 turbari
2473 1310 2773 1387 oporteat,

402 1404 705 1475 numerari
756 1405 1013 1488 possint.
1123 1404 1306 1469 Aliter
1354 1424 1422 1468 se
1470 1423 1569 1468 res
1620 1405 1826 1470 habuit
1872 1405 1936 1469 in
1985 1405 2100 1469 illis
2151 1407 2501 1489 tragoediis,
2554 1429 2707 1492 quas
2738 1430 2773 1474 e

405 1514 639 1600 Cypriis
677 1510 923 1587 multas,
962 1530 997 1574 e
1043 1529 1221 1592 parva
1258 1508 1432 1573 iliade
1479 1509 1616 1591 plus
1670 1521 1806 1575 octo
1862 1512 2043 1575 factas
2094 1510 2442 1585 Aristoteles
2495 1532 2774 1577 comme-

405 1628 629 1685 morat:
675 1618 888 1681 harum
929 1614 1093 1678 enim
1132 1624 1479 1697 argumenta
1520 1634 1775 1682 necesse
1814 1625 1907 1680 est
1933 1633 2061 1679 non
2097 1635 2169 1678 ex
2204 1615 2492 1698 episodiis
2528 1616 2776 1682 illorum

270 1800 278 1810 1
407 1725 742 1790 carminum
773 1718 879 1783 sed
909 1738 982 1782 ex
1012 1718 1144 1800 ipsa
1174 1737 1383 1782 eorum
1415 1739 1655 1787 summa
1684 1731 1743 1785 et
1771 1720 2046 1804 primaria
2085 1720 2317 1785 actione
2358 1719 2537 1802 petita
2566 1720 2775 1798 fuisse,

406 1830 467 1894 id
504 1826 667 1910 quod
706 1842 833 1889 non
872 1822 1057 1886 modo
1097 1822 1433 1888 Aristotelis
1484 1826 1835 1891 testimonio
1887 1834 2047 1887 recte
2095 1823 2392 1888 intellecto
2445 1825 2772 1902 credimus,

409 1933 517 1998 sed
546 1951 620 1995 ex
649 1929 721 1994 iis
752 1947 992 2011 quoque
1021 1926 1401 2009 comprahari
1431 1931 1732 2006 videmus,
1774 1948 1921 2012 quae
1960 1927 2193 1992 aliunde
2222 1948 2407 2011 quum
2438 1930 2514 1993 de
2553 1949 2775 2012 parvae

403 2035 623 2111 iliadis,
655 2042 782 2097 tum
813 2032 888 2096 de
914 2031 1369 2113 tragoediarum,
1402 2051 1550 2114 quas
1579 2031 1674 2095 ille
1696 2032 1837 2096 hinc
1858 2032 2038 2096 factas
2061 2042 2375 2109 memorat,
2397 2034 2773 2119 argumentis

330 2144 339 2163 ⁸
406 2148 714 2225 comperta
745 2137 1054 2202 hahemus.
1116 2128 1568 2200 Nam⁰0n2mv
1607 2129 1830 2221 κρίσις
1855 2137 2203 2227 versabatur
2238 2137 2302 2201 in
2333 2137 2657 2202 certamine
2697 2138 2775 2204 de

326 2192 342 2335 {-
405 2243 646 2311 Achillis
686 2241 911 2306 mortui
950 2240 1133 2304 armis
1174 2240 1329 2303 inter
1366 2239 1602 2303 Aiacem
1644 2249 1702 2302 et
1738 2240 2000 2316 Ulixem,
2053 2242 2215 2305 unde
2255 2241 2530 2306 Leschen
2572 2242 2774 2307 Iliadis

204 2396 243 2446 q·
278 2356 281 2359 '
334 2342 344 2398 ῗ
404 2370 549 2416 suae
576 2347 887 2413 exordium
922 2345 1167 2411 duxisse
1187 2344 1498 2408 Procliana
1527 2345 1790 2426 epitome
1811 2344 2003 2408 docet.
2058 2344 2424 2427 Tragoedias
2445 2366 2774 2429 argumen-

258 2507 265 2516 .
332 2404 347 2514 l
405 2466 535 2522 tum
566 2455 709 2520 hinc
745 2453 821 2518 ab
860 2436 1148 2534 Aeschylo
1187 2451 1440 2534 petitum
1480 2457 1599 2524 est,
1651 2449 1823 2514 cuius
1856 2441 2139 2514 Ὅπλων
2181 2444 2405 2535 κρίσις
2455 2451 2773 2534 aliquoties

228 2531 239 2538 ’
334 2533 351 2636 ἶ
400 2561 694 2627 laudatur.
783 2556 1149 2622 Philoctetae
1187 2553 1446 2619 rabulam
1486 2572 1521 2617 a
1562 2552 1968 2635 compluribus
2013 2555 2250 2635 tragicis
2289 2563 2598 2620 tractatam
2636 2577 2776 2622 esse

230 2697 253 2722 ,ι
343 2683 352 2732 τ
405 2683 589 2731 nemo
617 2664 838 2728 nescit:
870 2662 934 2725 in
971 2679 1155 2744 parva
1182 2658 1361 2723 lliade
1398 2676 1533 2721 eam
1562 2666 1860 2721 narratam
1889 2658 2075 2722 fuisse
2103 2658 2244 2722 item
2275 2658 2526 2723 Proclus
2566 2663 2775 2726 refert.

78 2735 355 2852 ,31
406 2771 479 2835 ln
529 2770 739 2838 eadem
792 2765 1133 2848 expositum
1186 2762 1299 2826 fuit
1350 2762 1424 2825 de
1465 2761 1862 2842 Neoptolemo
1902 2739 2139 2826 Achillis
2192 2761 2343 2836 filio,
2393 2771 2464 2826 ut
2500 2763 2576 2828 ab
2606 2764 2778 2829 Ulixe

70 2895 83 2906 ·
136 2915 148 2928 .
188 2893 200 2935 ·.
236 2953 243 2960 .
409 2876 486 2939 de
526 2873 711 2956 Scyro
759 2869 949 2935 insula
989 2868 1063 2931 ad
1101 2866 1344 2930 Troiam
1390 2865 1678 2929 deductus
1718 2884 1882 2929 arma
1931 2873 2177 2948 paterna
2215 2866 2537 2949 acceperit,
2587 2876 2777 2950 utque

94 2979 187 3044 ..ζ
248 2994 271 3056 j..
348 2977 359 3018 ἶ
408 2977 662 3043 Achilles
704 2976 767 3039 ei
805 2975 870 3038 in
923 2970 1156 3036 somnis
1217 2970 1588 3053 apparuerim
1638 2969 1998 3053 tragoediam
2060 2977 2257 3033 autem
2307 2969 2776 3052 Neoptolemum

48 3111 81 3124 ι
266 3069 296 3164 '‚
348 3119 364 3174 3
409 3101 591 3149 unam
621 3089 776 3145 certe
812 3078 999 3143 fuisse
1027 3075 1333 3150 novimus,
1363 3074 1738 3148 Nicomachi,
1781 3073 1886 3155 qui
1923 3072 2223 3154 Euripidis
2259 3074 2518 3155 aequalis
2560 3075 2673 3139 tuit
2689 3079 2776 3156 ⁵).

12 3171 45 3266 ,μ
94 3181 115 3272 ς’
142 3211 179 3226 ”
214 3157 277 3169 ς
302 3204 376 3260 10
408 3186 743 3271 Eurypylus
783 3180 1029 3265 Telephi
1068 3180 1227 3244 filius
1266 3180 1330 3242 in
1367 3197 1551 3261 parva
1577 3176 1754 3241 iliade
1783 3176 2058 3240 Troianis
2099 3177 2314 3240 auxilio
2343 3178 2520 3253 venit,
2549 3198 2776 3262 quum-

76 3340 89 3352 ·
122 3269 185 3370 ΥΠ
354 3271 367 3328 ³
408 3311 525 3376 que
554 3289 739 3354 multa
752 3286 1004 3352 -fortiter
1034 3285 1302 3362 fecisset,
1347 3283 1589 3347 tandem
1612 3300 1647 3344 a
1667 3279 2060 3362 Neoptolemo
2083 3281 2425 3345 interfectus
2454 3290 2566 3346 est.
2619 3285 2777 3354 Tra·

104 3381 149 3457 .'
172 3387 307 3486 ³·
407 3394 682 3480 goediam
710 3394 831 3457 hoc
858 3398 1212 3474 argumento
1242 3389 1343 3472 qui
1374 3385 1701 3469 scripserit,
1729 3384 2059 3475 nescimus:
2093 3385 2277 3449 fuisse
2305 3385 2560 3467 aliquam
2591 3406 2777 3454 nemo

42 3485 53 3494 ‘
105 3495 145 3582 ἢ
254 3515 259 3522 ·
298 3515 337 3576 ·,
409 3497 712 3574 dubiuhit,
740 3497 860 3562 nisi
889 3496 985 3560 cui
1012 3495 1190 3559 libeat
1218 3513 1356 3557 oum
1385 3492 1718 3576 5110,un
1751 3499 1886 3580 ants
1909 3489 2229 3571 designavi,
2255 3490 2383 3554 viro
2416 3492 2777 3561 doctissimo

58 3603 173 3655 ··..’“
216 3663 227 3673 ‚
288 3590 305 3684 '⁶
410 3603 678 3687 ineptire.
765 3602 931 3692 Idem
971 3602 1046 3666 de
1082 3589 1403 3684 Πτωχείᾳ
1448 3594 1767 3660 dicendum
1809 3603 1917 3656 est.
2008 3592 2158 3657 Nam
2198 3594 2358 3676 quod
2403 3594 2778 3678 ignoramus,

18 3789 31 3796 -
104 3707 113 3724 ι
162 3717 176 3728 ·
196 3701 229 3738 ¹.
255 3779 275 3794 ὓ
301 3720 327 3737 -.
409 3709 546 3793 quis
594 3707 712 3771 1100
758 3705 928 3770 titulo
977 3703 1347 3787 tragoediam
1392 3698 1623 3773 fecerit,
1678 3697 1811 3779 quis
1854 3696 2095 3761 tandem
2147 3689 2472 3763 mirabitur.
2503 3700 2567 3764 in
2611 3712 2788 3790 tanta-

118 3803 132 3874 ἶ
166 3807 330 3904 552·
408 3814 625 3879 harum
662 3810 988 3876 litterarum
1026 3804 1296 3873 iactura?
1349 3806 1424 3892 de
1464 3808 1819 3885 argumento
1859 3809 2055 3863 autem
2099 3821 2194 3864 res
2234 3803 2405 3885 plana
2443 3801 2509 3867 fit
2538 3825 2611 3870 ex
2641 3808 2777 3891 epi-

156 3909 177 3938 ²
364 3916 381 4014 ξ
409 3928 573 3982 tome
604 3934 819 3999 parvae
847 3913 1070 3978 Iliadis:
1110 3912 1368 3989 Ulixem,
1409 3906 1668 3973 mendici
1694 3905 1929 3980 habitu,
1967 3904 2039 3967 ad
2072 3907 2498 3988 speculandum
2530 3908 2777 3976 Troiam

216 4009 259 4072 ‘s
372 4025 685 4097 :inu-asse,
715 4019 1099 4104 agnitumque
1129 4016 1203 4080 ab
1232 4015 1486 4088 Helena,
1525 4011 1633 4075 sed
1665 4010 1936 4084 celatum,
1969 4010 2218 4074 consilia
2247 4030 2384 4075 cum
2415 4030 2485 4074 ea
2515 4032 2775 4098 compo-

110 4103 135 4110 Η
159 4121 195 4194 ἐξ
224 4113 273 4190 ἒ·
378 4159 385 4198 e
411 4128 610 4194 suisse
632 4128 708 4192 de
733 4125 881 4190 urbe
901 4120 1227 4208 prodenda,
1260 4119 1416 4196 dein,
1446 4115 1638 4183 caesis
1658 4113 1930 4196 plurimis
1956 4111 2250 4192 Troianis,
2279 4114 2342 4178 in
2376 4124 2566 4181 castra
2588 4118 2776 4184 Grae-

86 4375 95 4382 ·
124 4367 135 4378 ’
218 4413 229 4428 ‚
375 4287 393 4403 Ξ.
551 4353 605 4419 5)
628 4349 749 4404 Vid.
769 4347 1043 4404 Welckeri
1064 4345 1249 4398 libi-um
1271 4346 1336 4398 de
1359 4341 1592 4410 tragoed.
1617 4355 1697 4406 gr.
1721 4345 1842 4392 ton.
1865 4336 1934 4392 111
1956 4354 2006 4408 p.
2035 4337 2186 4392 1013.
2215 4337 2367 4392 1016.

260 4461 277 4474 h

255 4479 264 4487 .
388 4479 394 4485 ι

177 4591 187 4599 o
