3102 4866
1413 310 1494 379 17

269 505 398 570 sed
429 504 757 570 Hectoris
804 525 976 571 voce
1019 505 1596 580 inflammantur,
1646 522 2086 588 campusque
2125 503 2363 569 omnis
2394 503 2633 571 alacri

269 629 517 675 eorum
558 611 873 676 clamore
909 619 1287 694 personat,
1323 628 1378 673 v.
1423 606 1718 673 70-79.
1805 607 1874 671 ln
1904 608 2000 673 his
2032 608 2313 673 omnibus
2342 606 2491 673 nibil
2517 617 2632 686 est,

269 714 436 798 quod
480 715 616 798 quis
656 724 758 781 aut
790 715 932 780 huic
966 715 1223 798 tempori
1262 723 1365 779 aut
1391 712 1634 778 Achillis
1671 730 1969 796 personae
2008 732 2078 778 ac
2116 710 2391 777 moribus
2431 711 2633 778 minua

268 820 634 885 conveniens
685 840 823 886 esse
872 828 1100 902 arguat.
1189 819 1470 901 Sequitur
1518 817 1639 881 iam
1692 816 2059 894 necessario,
2107 824 2205 894 ut,
2256 815 2402 901 quid
2437 816 2568 884 fleri
2595 836 2634 883 a

267 923 594 990 Patroclo
578 943 642 989 m
671 925 771 990 tali
800 942 1000 988 rerum
1033 930 1194 988 statu
1222 922 1388 1000 velit,
1418 923 1748 1006 eloquatur.
1819 919 2188 999 Quamvis,
2218 921 2429 1007 inquit,
2457 922 2638 990 baec

266 1028 371 1094 ita
408 1029 557 1094 sint
595 1020 795 1111 (ἀλλὰ
838 1022 955 1091 καὶ
1000 1011 1143 1106 ὤς),
1195 1025 1502 1090 navibus
1550 1025 1838 1109 quidem
1884 1023 2283 1119 periculum
2330 1026 2636 1119 fortiter

266 1132 611 1210 deiende,
649 1151 742 1197 ne
770 1130 931 1195 bis
914 1130 1241 1195 incensis
1270 1129 1511 1195 reditu
1540 1127 1978 1213 aliquando
1961 1147 2033 1194 ιιι
2061 1128 2370 1213 patriam
2398 1132 2637 1198 exolu-

270 1237 555 1314 damurr,
584 1236 709 1300 sed
740 1255 906 1300 cave
934 1244 1172 1300 tamen
1210 1254 1300 1300 ne
1328 1235 1494 1317 plus
1524 1234 1750 1299 facias
1782 1253 1988 1318 quam
2030 1232 2166 1297 tibi
2197 1234 2486 1301 mando·
2512 1234 2638 1301 ubi

269 1341 359 1404 de
407 1339 712 1406 navibus
760 1343 1016 1406 hostes
1066 1339 1458 1423 repuleris,
1517 1340 1829 1405 ulterius
1879 1337 2226 1422 persequi
2281 1338 2464 1418 noli,
2510 1340 2636 1405 sed

267 1463 495 1528 porro
555 1445 902 1512 dimicare
958 1445 1058 1509 in·
1090 1463 1342 1528 campo
1403 1463 1558 1509 cum
1619 1443 1914 1508 Graecis
1975 1442 2204 1521 sinas,
2260 1462 2317 1507 v.
2358 1441 2639 1509 80—96.

266 1548 646 1615 Manifestum
699 1558 793 1615 est
842 1557 1072 1626 autem,
1124 1548 1269 1614 illud
1320 1538 1494 1612 ἀλλὰ
1537 1542 1655 1612 καὶ
1699 1533 1794 1624 ὥς
1818 1567 1871 1611 v.
1904 1546 1988 1670 80
2041 1564 2169 1612 non
2217 1547 2517 1631 pertinere
2563 1548 2640 1613 ad

269 1653 473 1719 solum
504 1654 858 1738 proximum
875 1653 1243 1730 membrum,
1272 1649 1435 1719 νεῶν
1464 1643 1610 1718 ἀπὸ
1637 1646 1870 1737 λοιγὸν
1897 1640 2166 1735 ἀμύνων
2195 1642 2440 1736 {praed
2480 1646 2645 1719 ἐπι-

268 1753 597 1843 κρατέως,
650 1759 753 1824 sed
794 1759 998 1842 potius
1049 1758 1124 1823 ad
1161 1757 1508 1823 universum
1548 1756 1791 1822 Achillis
1830 1765 2242 1841 praeceptum,
2282 1756 2454 1824 cuim
2492 1757 2643 1843 duae

271 1870 419 1927 sunt
445 1871 672 1945 partes,
711 1863 921 1940 altera,
960 1880 1074 1945 qua
1114 1861 1387 1943 coneedit
1416 1871 1707 1945 quantum
1745 1860 1983 1926 efficere
2010 1860 2289 1945 Patroclo
2317 1861 2641 1945 permittat,

272 1967 474 2043 altera,
503 1987 621 2051 qua
647 1967 973 2045 interdicit,
1006 1987 1084 2032 ne
1111 1968 1246 2051 plus
1278 1967 1469 2032 facere
1497 1966 1661 2031 velit:
1700 1973 1881 2049 atque
1907 1966 2059 2031 baec
2084 1965 2265 2032 altera
2293 1985 2434 2051 pars
2463 1984 2639 2050 prae-

272 2071 454 2154 cipuo
505 2072 767 2155 quodam
819 2071 1005 2136 modo
1057 2069 1410 2147 inctdcatur,
1464 2079 1533 2134 ut
1582 2069 1813 2153 inqua
1862 2087 1999 2134 vere
2049 2068 2131 2133 sit
2164 2063 2410 2152 μύθων
2447 2063 2639 2149 τέλος
2675 2087 2739 2143 15

242 2180 356 2257 ·(v.
397 2174 507 2255 83)
545 2195 902 2260 summaque
964 2175 1274 2240 sententia.
1375 2173 1580 2237 Potuit
1617 2191 1764 2263 sane
1807 2173 1931 2237 boc
1965 2172 2146 2259 etiam
2182 2173 2446 2257 apertius
2493 2174 2642 2251 fleri,

270 2279 500 2344 inserta
518 2279 718 2362 priori
747 2279 1019 2344 membro
1050 2277 1339 2362 particula
1361 2278 1730 2354 concessiva,
1759 2271 1924 2341 νεῶν
1950 2271 2090 2358 μὲν
2115 2271 2350 2362 λοιγὸν
2375 2267 2645 2360 ἀμύνων

273 2373 521 2467 faus&
548 2375 992 2469 ἐπικρατέωςι
1036 2402 1231 2467 neque
1259 2390 1459 2448 tamen
1487 2380 1547 2446 id
1580 2400 1827 2447 necesse
1856 2380 1986 2460 fuit,
2018 2399 2206 2466 quum
2236 2382 2366 2466 ipsa
2396 2389 2639 2448 muten-

276 2489 495 2554 riarum
550 2489 858 2572 oppositio
897 2507 1007 2572 per
1032 2508 1109 2553 se
1147 2487 1292 2552 satis
1341 2488 1544 2570 ape‘rta
1573 2486 1683 2550 'sit
1713 2520 1799 2534 —
1840 2485 1941 2550 Sic
1975 2484 2157 2568 igitur
2204 2485 2279 2550 ab
2315 2487 2642 2571 interpola-

276 2592 462 2657 tionis
499 2592 842 2677 suspicione
877 2593 1041 2657 hunc
1074 2592 1274 2657 locum
1306 2591 1453 2656 satis
1481 2590 1843 2655 vindicatum
1873 2588 2159 2668 arbitror,
2199 2600 2269 2655 ut
2291 2591 2412 2656 iam
2441 2589 2642 2675 paullo

280 2697 679 2761 confidentius
708 2705 974 2779 repetere
996 2696 1248 2780 possim,
1276 2707 1403 2759 non
1429 2694 1645 2772 videri,
1686 2694 1789 2777 qui
1816 2693 1975 2759 banc
1999 2702 2232 2778 partem
2257 2695 2456 2761 Iliadis
2484 2694 2641 2771 iecit,

278 2799 495 2865 librum
524 2800 606 2864 tx
635 2800 709 2865 de
738 2801 1002 2878 Λιταῖς
1030 2800 1336 2883 cognitum
1374 2798 1676 2863 habuisse.
1744 2797 1900 2862 Nam
1930 2799 2094 2883 quod
2124 2798 2363 2865 obiiciat
2387 2801 2645 2866 fortasse

279 2904 523 2987 aliquis,
562 2905 625 2969 in
655 2904 850 2969 verbis
893 2903 988 2969 bis
1029 2924 1181 2987 quae
1220 2913 1365 2969 sunt
1399 2922 1455 2967 v,
1489 2903 1601 2979 61,
1638 2893 1794 2989 ἤτοι
1835 2892 2006 2991 ἔφην
2044 2921 2120 2988 ya
2150 2894 2230 2969 οὗ
2261 2898 2425 2991 πρὶν
2450 2925 2644 2993 uqu-

276 3003 467 3090 θμὰν
494 3000 1031 3093 manutium,
1077 2998 1217 3073 ἀλλ’
1249 2998 1452 3074 ὁπότ’
1492 2995 1578 3071 ἂν
1607 3002 1690 3094 δὴ
1731 3001 1893 3094 νῆας
1920 3001 2091 3090 ἐμὰς
2117 2998 2527 3097 ἀφίκηται’
2479 3001 2647 3094 αντη

278 3131 356 3176 τε
398 3104 736 3194 πτόλεμός
775 3131 865 3191 τε,
909 3112 1129 3197 respici
1158 3121 1357 3177 tamen
1385 3110 1705 3176 manifesto
1735 3109 1807 3183 ad
1838 3109 1939 3188 tx,
1970 3112 2118 3186 646,
2148 3111 2252 3176 ubi
2279 3110 2473 3176 simile
2500 3109 2644 3194 quid

278 3214 533 3280 Achilles
571 3215 915 3298 profitetur,
952 3216 1072 3280 boc
1111 3214 1274 3280 facile
1314 3214 1590 3298 redargui
1626 3222 1829 3298 potest
1865 3214 2182 3280 notissima
2214 3213 2684 3292 observatione,'

278 3320 445 3403 quod
495 3311 713 3405 φάναι
765 3338 1196 3403 saepenumero
1247 3318 1426 3383 etiam
1466 3319 1541 3384 de
1590 3319 1768 3384 tacita
1820 3320 2177 3403 cogitatione
2227 3319 2343 3384 dici
2391 3327 2648 3396 constat,

148 3509 155 3514 .
278 3432 490 3507 estque
512 3423 638 3488 hoc
655 3423 793 3507 ipso
820 3423 956 3488 loco
980 3424 1070 3489 sic
1095 3423 1173 3489 ab
1195 3424 1540 3489 Aristarcho
1565 3430 1895 3508 acceptum.
1947 3424 2037 3490 Ac
2061 3425 2264 3508 possit
2288 3425 2467 3489 etiam
2495 3441 2645 3488 con·

278 3537 372 3593 tra
392 3527 615 3612 quaeri,
647 3546 757 3593 cur
779 3529 1029 3594 tandem·
1047 3527 1415 3613 probabilius
1440 3528 1538 3604 sit,
1570 3528 1702 3592 libri
1726 3527 1861 3592 XVI
1882 3535 2098 3611 poetae
2117 3529 2281 3593 illum
2303 3527 2526 3593 librum
2547 3527 2648 3604 tx,

280 3650 458 3716 quam
487 3632 622 3697 libri
649 3627 747 3698 tx
760 3642 971 3716 poetae
996 3635 1160 3699 bunc
1184 3631 1319 3696 xv1
1346 3637 1485 3696 ante
1514 3631 1725 3696 oculos
1755 3631 1962 3697 tulisse.
2315 3675 2324 3690 .

452 3736 573 3801 Sed
611 3738 897 3820 quoniam
947 3736 1082 3803 libri
1133 3737 1281 3802 noni
1335 3735 1706 3801 mentionem
1761 3735 1900 3814 feci,
1950 3745 2192 3819 tangam
2225 3687 2433 3802 statim
2463 3736 2646 3801 etiam

279 3841 450 3907 aliam
492 3841 792 3925 quandam
830 3843 1232 3907 offensionem
1271 3841 1347 3907 ab
1375 3841 1487 3905 bac
1528 3839 1881 3922 quaestione
1917 3858 2045 3905 non
2073 3841 2342 3907 alienam.
2401 3839 2604 3906 Nam
2584 3857 2651 3904 ιιι

280 3946 530 4011 consilio
553 3946 917 4029 principum,
940 3966 1098 4030 quos
1114 3947 1529 4030 Agamemnon
1555 3944 1918 4023 convocavit,
1942 3944 2154 4009 adesse
2176 3953 2416 4029 praeter
2434 3963 2652 4028 expec—

279 4051 564 4117 tationem
592 4050 769 4115 etiam
803 4050 1165 4118 Phoenicem
1187 4051 1478 4125 videmus,
1508 4048 1820 4113 bominem
1850 4049 2047 4114 adbuc
2073 4051 2249 4133 plane
2259 4047 2446 4139 ‚nobis
2470 4049 2651 4131 igno-

282 4164 434 4232 tum,
482 4165 552 4220 ut
580 4156 751 4220 cuius
802 4156 867 4220 in
912 4156 1326 4239 superioribus
1366 4153 1534 4218 libris
1585 4153 1746 4217 nulla
1785 4172 2043 4237 usquam
2094 4152 2322 4217 mentio
2363 4152 2518 4243 facta
2553 4152 2654 4218 sit.

282 4260 511 4337 Quodsi
541 4261 905 4344 quaerimus,
946 4260 1080 4343 quis
1109 4261 1189 4325 sit
1217 4260 1310 4324 ille
1338 4257 1637 4332 Phoenix,
1679 4258 1811 4340 ipse
1838 4256 2017 4323 nobis
2047 4247 2244 4340 pa‘ullo
2273 4266 2417 4341 post
2446 4258 2655 4341 aperit,

148 4452 163 4464 ³
278 4364 621 4447 Amyntoris
673 4386 740 4429 se
791 4363 978 4429 fllium
1031 4384 1193 4441 esse,
1242 4362 1434 4447 patria
1470 4370 1799 4439 extorrem,
1861 4382 1896 4427 a
1935 4361 2141 4438 Peleo,
2191 4360 2432 4426 Achillis
2469 4370 2656 4445 patre,
2735 4393 2740 4398 ·

362 4467 460 4533 111.
2206 4465 2247 4529 2
