3102 4866
1401 295 1493 363 «Ίδ

267 479 482 570 ganist)
513 495 617 552 aut
643 507 823 572 quem
853 487 1253 565 comitaretur,
1280 486 1574 572 impetum
1602 483 1916 550 facientem
1945 481 2297 564 cogitemus.
2357 475 2494 541 Hoc
2513 490 2626 555 ege

270 581 769 679 σῦαριθμήτοις
791 587 938 659 τισὶ
965 591 1274 678 probabile
1301 592 1432 656 rore
1460 588 1728 655 confido:
1756 586 1952 671 paullo
1983 582 2351 669 probabilius
2377 578 2629 646 Sdinei·

271 694 544 759 ‹lewinus
574 691 926 763 παιδόθεν
954 697 1285 781 significare
1312 704 1482 780 putat
1515 694 1653 758 inde
1683 712 1722 756 α
1743 693 2037 777 poterium
2078 687 2184 753 scd
2220 685 2363 751 huic
2390 701 2632 768 quoquc

178 884 191 893 ·
267 807 437 864 recte
477 799 722 884 obloqui
760 801 1135 866 Welckerum
1179 801 1376 865 iudico
1414 793 2087 883 p.253.1‘essimam
2124 799 2319 856 autem
2359 788 2632 854 omnium

273 903 679 968 coniecturam
708 904 1115 970 Mehlhornius
1144 905 1408 989 protulit,
1437 902 1608 980 παῖς
1649 894 1821 967 ὅθεν
1862 891 2191 987 ἡμετέρας
2229 888 2474 984 φρένας
2499 912 2656 983 φυ-

270 998 541 1087 λάσσει,
589 1026 766 1090 quam
796 1009 924 1091 ipse
953 1009 1506 1092 interpretaturum
1533 1025 1648 1091 quo
1669 1004 1881 1091 puello
1907 1013 2154 1068 memem
2174 1019 2369 1065 meam
2387 997 2637 1071 modic

272 1109 318 1174 i.
351 1130 403 1174 e.
436 1122 784 1194 occupatam
821 1122 984 1176 tenet.
1053 1112 1204 1177 Nam
1244 1132 1440 1196 neque
1480 1104 1649 1177 ὅθεν
1677 1129 1791 1194 pro
1821 1103 1899 1187 ἐξ
1939 1128 2048 1186 ου,
2083 1105 2204 1169 hoc
2245 1122 2431 1167 sensu
2459 1110 2528 1168 ut
2555 1101 2633 1167 eit

273 1231 358 1277 a·
395 1232 509 1298 quo
553 1224 839 1298 tempore,
880 1233 1144 1298 unquam
1183 1234 1217 1280 a
1260 1215 1498 1281 Graecis
1536 1224 1897 1299 usurpatum
1935 1231 2072 1276 esse
2074 1208 2392 1281 arbitror,
2441 1223 2642 1297 neque
2707 1200 2750 1213 ‘'

273 1312 650 1406 φυλάσσειν
690 1313 940 1407 φρένας
978 1329 1138 1384 recte
1166 1319 1281 1384 dici
1309 1320 1383 1383 de
1415 1341 1509 1398 ec,
1536 1319 1639 1403 qui
1669 1321 1732 1383 in
1761 1318 1999 1383 alterius
2032 1314 2232 1381 animo
2273 1309 2631 1386 dominetur,
2668 1317 2734 1371 io

273 1418 396 1508 τῆς
423 1419 650 1509 rin-1553
675 1413 1058 1511 ἦνιοχεύων,
1106 1432 1173 1488 ut
1201 1433 1294 1488 est
1324 1423 1532 1489 alicubi
1564 1424 1722 1507 apud
1752 1423 2206 1494 Anacreontem,
2236 1416 2340 1482 sed
2370 1414 2445 1479 (le
2474 1413 2634 1478 ndo-

272 1535 419 1609 typo
474 1536 732 1604 tantum,
790 1528 1073 1592 amatoris
1135 1527 1400 1593 animum
1454 1526 1791 1610 suspiciose
1844 1525 2215 1590 observante.
2294 1518 2648 1601 Amplector.

270 1629 459 1710 igitur
486 1630 690 1695 Naekii
720 1632 1222 1710 emendationem,
1254 1642 1565 1715 totumque
1593 1631 1810 1709 locum,
1837 1628 2031 1694 verbis
2058 1626 2269 1692 leniter
2297 1620 2636 1706 transposi—

281 1732 386 1808 tis,
426 1752 549 1816 quo
590 1755 802 1800 versus
843 1738 1050 1802 evadat
1098 1737 1451 1801 concinnior
1498 1745 1558 1800 et
1593 1734 1900 1818 prioribus
1936 1741 2074 1875 apte
2122 1726 2509 1804 conveniens,
2555 1724 2634 1789 ita

276 1837 668 1909 scribendum
696 1859 945 1904 censeo:

277 1934 578 2027 ἐρεμνός,
640 1934 1010 2030 ἀστεμβής,
1057 1941 1438 2030 κραταιΙῶς
1489 1938 1795 2010 πεδόθεν
1840 1935 2092 2032 φρένας
2135 1931 2460 2027 ἡμετέρας
2508 1950 2635 1999 ‹5oe-

900 2110 911 2116 ,
1722 2042 1982 2112 λάσσει.
2683 2079 2695 2092 ·

279 2150 449 2215 cuius
479 2168 686 2214 versus
728 2151 896 2235 prius
938 2152 1277 2217 membrum
1309 2152 1565 2218 iambico
1594 2152 1876 2236 rhythmo
1909 2170 1958 2215 s.
1991 2148 2295 2215 trochaico
2328 2165 2466 2212 cum
2494 2162 2638 2210 ana·

279 2253 466 2329 ausi,
515 2253 771 2319 admisto
813 2258 1116 2340 spondeo,
1165 2257 1860 2327 accommodatissimum
1906 2263 2001 2319 est
2036 2255 2110 2318 ad
2155 2250 2514 2337 pingendam
2554 2249 2642 2314 rei
2749 2336 2754 2341 .

277 2357 649 2441 gravitatem:
692 2359 1101 2445 similibusque
1149 2362 1419 2426 numeris
1469 2361 1765 2427 Pindarus
1814 2378 1964 2424 usus
2011 2367 2106 2423 est
2140 2358 2312 2422 Nem.
2341 2354 2393 2418 V
2423 2364 2527 2420 str.
2575 2357 2640 2420 12

281 2471 456 2551 auget
485 2471 679 2527 autem
711 2466 1051 2547 gravitatem
1081 2465 1201 2530 hoc
1228 2485 1468 2550 quoque
1495 2467 1656 2550 quod
1687 2485 1818 2530 eam
1848 2465 2026 2540 arsin,
2053 2482 2207 2547 quae
2233 2469 2329 2526 est
2356 2461 2416 2525 in
2446 2461 2642 2526 media

283 2565 501 2648 syllaba
523 2585 653 2631 voc.
683 2564 1035 2656 κραταιῶς,
1068 2568 1265 2633 statim
1289 2569 1469 2634 altera
1497 2567 1895 2652 arsis-excipit
1925 2568 2152 2632 ordinis
2180 2564 2507 2649 logaoedici
2536 2583 2645 2649 per

280 2679 405 2732 tres
458 2669 752 2754 dactylos,
806 2672 961 2735 duos
1012 2670 1326 2736 trochaeos
1386 2672 1753 2738 decurrentis
1805 2673 2308 2754 aptissimumque
2364 2668 2644 2753 strophae

282 2774 467 2837 finem
498 2774 887 2858 imponentis.
949 2771 1317 2863 Κραταιῶς
1344 2795 1458 2859 pro
1490 2769 1816 2859 κραταιός
1844 2775 2085 2841 codices
2113 2775 2398 2840 offerunt.
2431 2776 2449 2790 ‘

457 2878 655 2943 Etiam
700 2878 760 2943 in
807 2878 990 2943 altero
1036 2877 1192 2962 Ibyci
1246 2879 1608 2961 fragmento,
1659 2879 1819 2963 quod
1871 2881 2031 2943 extat
2072 2877 2230 2961 apud
2274 2876 2646 2942 Scholiasten

283 2983 550 3049 Platonis
601 2982 881 3046 Par-men.
927 3002 988 3066 p.
1041 2981 1163 3047 137
1192 2985 1281 3061 A„
1329 2983 1682 3047 medicinam
1733 3002 1767 3046 a
1821 2981 2275 3046 Schneidewino
2321 2980 2646 3047 adhibitam

198 3088 217 3098 ’
284 3086 542 3171 probare
572 3105 696 3151 non
729 3106 1079 3170 possumus.
1170 3086 1425 3170 Scripsit
1453 3085 1597 3151 ille
1581 3106 1641 3151 m
1670 3085 1835 3151 hunc
1862 3085 2348 3150 modum.
2634 3123 2640 3131 ·

281 3180 491 3278 Ἔρος
535 3175 699 3255 αυτέ
746 3210 835 3273 με
877 3184 1258 3257 κυανέοισιν
1299 3183 1439 3255 ὑπὸ
1481 3182 1856 3277 βλεφάροις
1903 3178 2128 3275 τακέρ’
2176 3178 2438 3272 ὄμμασι
2487 3121 2649 3273 dep·

1712 3286 1996 3374 udinem,-

287 3391 632 3485 κηλήμασι
693 3315 1166 3475 παντοδαποῖς
1226 3389 1298 3473 ἐς
1360 3387 1692 3550 απείρονα
1756 3388 1995 3461 δίκτυα
2046 3390 2411 3481 Κύπριδος
2475 3386 2652 3459 εἷσέ-

287 3623 472 3689 quum
505 3554 662 3686 apud
690 3601 1060 3668 Scholiasten
1081 3603 1308 3685 legatur
1337 3595 1436 3681 εἷς
1465 3594 1723 3688 ἄπειρα
1753 3533 1994 3669 δίκτυα
2015 3596 2373 3692 Κύπριδος
2398 3596 2650 3687 βάλλοι.

285 3708 570 3791 Displicet
591 3716 789 3771 autem
813 3706 988 3771 nohis
1011 3706 1151 3771 illud
1178 3700 1518 3792 εισέβαλεν
1536 3726 1664 3772 non
1689 3708 1884 3772 solum
1905 3717 2242 3792 propterea,
2271 3707 2407 3792 quia
2426 3707 2650 3773 nullam

286 3830 529 3877 causam
561 3809 927 3893 prohabilem
959 3819 1239 3893 exputare
1266 3830 1617 3895 possumus,
1647 3830 1760 3895 qua
1791 3812 2049 3894 permoti
2076 3811 2294 3875 librarii
2322 3806 2607 3894 βάλλει
2589 3829 2652 3875 m

287 3917 419 3982 eius
445 3914 648 3979 locum
680 3912 1121 3990 substituerint,
1163 3914 1267 3978 sed
1306 3914 1494 3997 magis
1525 3915 1983 3998 etiampropter
2022 3923 2261 3997 tempus
2289 3913 2450 3979 verbi
2478 3931 2652 3998 prae-

286 4020 534 4085 teritum
575 4017 699 4082 hoc
738 4015 874 4079 loco
918 4016 1164 4080 minime
1204 4029 1430 4101 aptum.
1521 4018 1980 4101 Subiunguntur
2022 4017 2181 4082 enim
2229 4016 2428 4083 statim
2475 4018 2652 4082 haec:

286 4112 334 4212 ἦ
375 4118 511 4206 μὰν
551 4112 813 4208 τρομέω
858 4140 958 4183 νιν
1003 4113 1474 4208 ἐπερχόμενονε
1523 4121 1625 4206 qui
1673 4131 1869 4186 autem
1920 4122 2330 4185 adventantem
2370 4122 2651 4187 Amorem

287 4248 324 4293 a
355 4247 423 4292 se
449 4225 645 4290 timeri
675 4224 1008 4307 profitetur,
1039 4224 1091 4288 is
1121 4226 1367 4304 indicat,
1397 4229 1646 4310 opinor,
1690 4246 1756 4290 se
1785 4226 2057 4289 nondum
2083 4225 2213 4289 eius
2241 4224 2464 4307 laqueis
2501 4225 2653 4290 irre·

289 4334 468 4398 titum
498 4328 721 4407 teneri,
762 4327 869 4393 sed
908 4338 1174 4392 metuere
1212 4348 1291 4394 ne
1321 4329 1604 4413 capiatur.
1692 4329 1898 4417 ltaque
1932 4328 2310 4398 retinendum
2337 4329 2453 4394 erit
2478 4348 2656 4416 prae·
