3102 4866
225 1445 439 1625 DE
478 1366 1074 1607 AGCUSATIVO
1096 1419 1700 1540 PRONOMINUM
1745 1439 2479 1540 SIGNIFICATIONE

700 1598 719 1707 J
819 1595 824 1601 ⁸
941 1605 1335 1813 CAUSALI
1379 1604 1979 1791 USURPATO·

225 1796 356 1823 'usu

315 1916 324 1921 ·
377 1886 451 1968 ln
488 1890 792 1968 tractanda
839 1874 1225 1993 grammatica
1265 1920 1478 1986 graeca
1514 1919 1644 1966 non
1680 1878 1784 1965 diu
1821 1909 1917 1965 est
1953 1919 2141 1984 quum
2185 1863 2590 1987 priorum-via
2623 1916 2657 1969 a
2728 1944 2744 1959 .

221 2006 450 2083 relicta,
479 2006 697 2090 quibus
727 2007 930 2070 omnis
956 2006 1192 2089 liuguae
1218 2005 1480 2089 cognitio
1510 2023 1630 2068 usu
1660 2005 1851 2087 magis
1880 2013 1941 2067 et
1968 1994 2389 2067 observatione
2409 2019 2593 2084 quam
2662 2024 2665 2027 2
2734 2019 2744 2027 ·

175 2185 198 2208 .
223 2095 458 2175 ratione
486 2117 546 2174 et
572 2109 950 2194 intelligentia
972 2110 1264 2175 contineri
1283 2107 1610 2185 videbatur,
1639 2106 2008 2172 subtiliorem
2030 2096 2378 2190 disputandi
2400 2104 2596 2169 ratio-

223 2230 364 2278 nem
394 2212 723 2291 instituere,
748 2232 947 2297 neque
976 2213 1172 2278 solum
1204 2212 1346 2297 quid
1376 2211 1674 2277 diceretur
1701 2230 1736 2274 a
1767 2208 2028 2285 Graecis,
2068 2208 2175 2272 sed
2204 2207 2385 2271 etiam
2406 2226 2595 2303 ⁴quam

135 2310 143 2320 ’
224 2316 305 2380 ob
344 2335 587 2381 causam
626 2315 889 2399 quidque
923 2326 1029 2381 aut
1069 2316 1311 2381 deberet
1346 2317 1460 2382 dici
1501 2326 1603 2382 aut
1650 2317 1878 2393 liceret,
1930 2315 2263 2381 accuratius
2314 2331 2600 2396 quaerere

227 2413 564 2504 coepimn‘s:
596 2441 714 2504 qua
743 2419 807 2485 in
835 2419 1146 2504 disciplina
1175 2441 1363 2505 quum
1395 2421 1579 2488 multa
1608 2422 1726 2486 iam
1751 2441 1786 2485 a
1809 2419 2015 2485 multis
2038 2414 2598 2485 subtiliter‘inventa
2690 2420 2695 2428 '

226 2534 287 2588 et
312 2524 599 2608 explicata
629 2524 771 2601 sint,
799 2532 1030 2589 restant
1055 2532 1256 2590 tamen
1285 2544 1412 2590 non
1439 2545 1655 2611 pauca,
1684 2526 1760 2590 de
1788 2524 2007 2609 quibus
2037 2523 2213 2606 vulgo
2245 2531 2349 2588 1111
2377 2519 2600 2603 ambigi

227 2627 387 2692 solet
426 2635 530 2692 1111
563 2627 767 2692 minus
806 2636 963 2691 recte
1000 2628 1299 2694 statuitur.
1378 2630 1466 2694 Ex
1505 2630 1626 2694 hoc
1661 2648 1877 2713 genere
1911 2647 2099 2693 unum
2139 2646 2305 2692 nunc
2340 2624 2601 2728 breviter

229 2740 477 2796 tractare
502 2730 742 2814 placuit,
775 2750 952 2795 usum
982 2732 1418 2814 pronominum
1449 2753 1603 2817 quae
1631 2732 1968 2799 accusativo
1990 2750 2132 2795 casu
2163 2712 2360 2847 posita
2389 2713 2602 2794 causae

229 2846 291 2899 et
325 2834 543 2899 rationi
582 2834 831 2900 alicuius
869 2834 955 2900 rei
993 2835 1340 2901 indicandae
1385 2836 1747 2902 inserviunt:
1799 2836 1956 2900 velut
1998 2853 2183 2918 quum
2232 2825 2449 2912 τοῦτο,
2501 2825 2601 2911 τό,

228 2959 443 3003 ταυτα
477 2950 823 3024 propterca,
869 2933 941 3005 τί
978 2948 1177 3004 autem
1209 2960 1322 3005 cur
1351 2941 1684 3024 significare
1714 2939 1945 3004 dicitur.
2025 2937 2201 3002 Hunc
2226 2933 2389 3001 enim
2419 2954 2601 3001 usum

230 3062 416 3126 quum
444 3052 671 3108 veteres
702 3043 1068 3125 grammatici
1095 3044 1254 3109 haud
1284 3045 1451 3109 aliter
1477 3043 1759 3128 explicari
1785 3061 1973 3126 posse
1998 3035 2343 3132 crederem}
2352 3035 2473 3104 nisi
2492 3057 2605 3122 per

230 3145 464 3230 ellipsin
484 3145 947 3229 praepositionis
973 3141 1095 3212 διά
1119 3147 1260 3229 (vid.
1276 3147 1478 3212 Schol.
1500 3148 1574 3212 ad
1591 3137 1899 3228 Asistoph.
1918 3142 2072 3208 Nub.
2089 3163 2145 3205 v.
2162 3140 2312 3207 334.
2343 3142 2601 3236 Acharn.

231 3270 284 3314 v.
315 3250 420 3316 90.
467 3249 742 3333 Apollon.
773 3250 849 3315 de
877 3249 1116 3335 Syutax.
1145 3270 1208 3334 p.
1226 3251 1352 3316 285
1378 3250 1537 3334 sylb.
1561 3254 1618 3330 ¹)
1649 3248 1899 3332 Gregor.
1920 3246 2191 3312 Corinth.
2223 3247 2299 3311 de
2327 3245 2470 3311 11111.
2482 3245 2603 3311 au„

232 3358 291 3432 5.
315 3353 436 3433 Vl.)
464 3373 652 3438 eaque
678 3353 989 3436 explicatio
1019 3353 1198 3419 etiam
1226 3376 1260 3419 a
1289 3354 1722 3421 recentioribus
1752 3353 2128 3437 probaretur,
2156 3351 2315 3415 velut
2340 3370 2376 3415 1
2396 3349 2603 3415 Lamb.

233 3457 415 3521 Bosio
445 3456 522 3520 de
549 3455 740 3540 ellips.
769 3474 833 3539 p.
865 3456 1014 3532 676,
1044 3458 1277 3540 primus
1306 3478 1440 3523 eam
1473 3458 1698 3542 sprevit
1726 3457 2102 3521 Godol'redus
2130 3437 2558 3532 Hermannus
2538 3473 2604 3519 in

235 3561 378 3626 diss.
409 3560 486 3625 de
513 3560 706 3644 ellipsi
735 3569 796 3624 et
821 3560 1177 3644 pleonasmo
1207 3581 1269 3645 p.
1306 3562 1452 3627 169.
1527 3561 1752 3644 opusc.
1786 3569 1934 3625 tom.
1963 3559 2008 3624 1.
2038 3580 2102 3645 p.
2136 3558 2283 3636 198,
2314 3551 2606 3642 aliamque

234 3666 529 3730 rationem
542 3713 560 3741 ‚
588 3665 643 3730 si
673 3682 799 3729 non
825 3664 1183 3730 deteriorem
1196 3712 1213 3741 ‚
1244 3674 1305 3731 at
1331 3684 1459 3730 non
1487 3684 1636 3729 sane
1664 3664 1853 3729 multo
1882 3664 2192 3730 meliorem
2225 3672 2603 3728 commentus

235 3780 352 3896 est.
399 3768 553 3892 Nam
581 3777 929 3880 postquam
934 3769 1254 3892 concessit,
1283 3770 1395 3835 ista
1424 3768 1787 3888 pronomina
1815 3769 2168 3870 plerumque
2187 3761 2604 3892 adverbiorum

241 3967 274 4096 T*
339 3963 462 4086 Γ1)
467 4016 721 4087 compta
754 4025 840 4071 est
817 3957 971 4072 loci
1004 4019 1260 4089 scriptura
1290 4034 1375 4089 up.
1399 4018 1589 4090 811114
1608 4016 1850 4087 numquid
1878 3961 2161 4084 nokkerus,
2185 4022 2257 4067 et
2246 4029 2364 4084 qna
2390 4014 2606 4083 ratione,

238 4106 517 4161 nutaverit
538 4103 732 4173 nescio,
757 4121 908 4174 quum
932 4106 1083 4158 buius
1106 4106 1186 4159 ed.
1210 4121 1311 4158 11111
1337 4113 1547 4175 praesto
1568 4106 1652 4158 sit.
1677 4107 1904 4173 Apparet
1916 4108 2088 4154 autem
2110 4116 2205 4169 pro
2224 4101 2304 4170 τῷ
2325 4101 2423 4154 καὶ
2446 4086 2609 4155 ουτοι

241 4188 426 4249 πολὺν
437 4187 754 4266 χρόνον-
773 4192 1043 4259 legendnm
1065 4207 1184 4246 11111
1207 4186 1274 4246 τὸ
1296 4193 1394 4246 καὶ
1417 4186 1545 4247 οὔτι
1571 4186 1758 4245 πολὺν
1767 4183 1987 4261 χρόνον
2005 4178 2321 4258 ἔμπεδον
2286 4202 2402 4256 ηπ,
2424 4188 2607 4241 duri·

240 4295 338 4347 que
369 4295 465 4349 pro
497 4279 736 4347 exemplo
770 4293 945 4347 praep.
973 4274 1079 4334 dui
1111 4279 1331 4333 emissae
1363 4280 1533 4333 locum
1571 4277 1715 4330 111111.
1750 4275 1893 4329 Iliad.
1924 4273 2051 4344 ΧΠ,
2074 4273 2134 4339 9,
2166 4289 2269 4342 qno
2293 4276 2447 4328 11111111
2468 4275 2610 4330 alter
2731 4347 2746 4358 ἱ

243 4366 542 4436 Apollonius
566 4380 691 4418 usus
717 4371 804 4417 est
822 4363 954 4417 Lex.
981 4363 1124 4417 nom.
1147 4380 1197 4433 p.
1217 4364 1344 4418 656.
