3102 4866
1411 270 1536 336 149

289 473 501 529 mento
558 456 932 543 ταλαίναις.
1021 463 1093 529 ln
1147 461 1408 528 nedioeo
1465 455 1599 549 φεῦ
1635 454 1957 540 ταλαίνας
1998 430 2120 528 aut
2141 458 2272 550 φεῦ
2311 455 2663 542 ταλαίναις

289 587 428 633 esse
455 566 700 646 dicitur,
730 580 961 646 ortum,
990 579 1061 634 ut
1087 569 1370 644 arbitror,
1398 585 1472 630 ex
1499 557 1999 653 φιλταλαίναις,
2026 587 2215 652 quum
2238 566 2433 633 soeiha
2456 587 2497 633 a
2516 587 2658 634 vero

291 671 580 738 vocabulo
610 673 684 738 sd
713 672 845 739 eius
875 673 1468 757 interpretamentum
1494 669 1793 735 aberraret
1830 678 1891 734 et
1919 670 2009 735 sic
2034 681 2356 757 utrumque
2378 672 2448 738 in
2467 691 2659 761 unum
2802 733 2809 739 .

288 777 599 842 conflaret.
656 777 727 842 ln
756 777 1192 861 antistrophico
1222 775 1582 842 autemxsine
1610 773 1794 839 dubio
1823 774 2206 842 scribendum
2220 787 2330 844 cst
2381 779 2384 782 ’

699 874 1101 965 μελοτωτεῖς
1143 871 1418 965 ἅμουθ
1461 875 1534 946 ἐν
1575 869 1854 967 ὀρθίοις
1880 872 2135 963 νόμοις.

290 974 524 1050 Nam*
476 1003 740 1069 αμουσα
767 983 1132 1052 Cassandrae
1159 985 1430 1050 vaticinia
1456 985 1738 1050 dicuntur
1765 984 1973 1049 eadem
2000 986 2258 1065 ratione,
2285 1005 2403 1071 qua
2433 986 2662 1070 Sphin-

291 1089 386 1173 gis
420 1090 678 1155 infausta
717 1089 1047 1171 aenigmata
1087 1080 1554 1173 ἆμουσόταται
1599 1079 1780 1176 ᾠδαὶ
1821 1090 1979 1173 apud
2015 1088 2392 1176 Eun‘pidcm,
2428 1091 2659 1158 Phoen.

290 1213 347 1258 v.
379 1192 526 1260 814.
578 1183 887 1277 Ὀρθίοις
914 1193 1263 1277 disyllabum
1293 1202 1387 1258 est
1412 1213 1523 1278 per
1550 1193 1865 1278 synizesin.
1952 1268 1959 1277 ,

462 1296 600 1363 Mox
628 1294 987 1375 Cassandra,
1015 1306 1338 1382 postquam
1367 1307 1565 1364 vetera
1584 1298 2008 1383 Pelopidarum
2037 1298 2261 1364 scelera
2286 1318 2662 1366 commemo-

286 1400 465 1480 ravit,
495 1401 748 1466 chorum
778 1401 1096 1485 compellat
1121 1403 1528 1486 interrogans.
1570 1393 1892 1489 ἥμαρτον,
1937 1391 1986 1490 ἢ
2025 1399 2227 1491 θηρῶ
2265 1424 2339 1468 τι
2380 1398 2662 1493 τοξότης
2760 1406 2763 1413 ’

289 1525 400 1583 τις
439 1490 560 1587 ως,·
601 1494 648 1594 ἢ
688 1496 1150 1592 ψευδόμαντίς
1192 1498 1338 1588 εἶμι
1365 1501 1767 1593 θυροκόπος
1794 1502 2094 1596 φλέδωνς
2133 1507 2195 1571 h.
2225 1527 2278 1573 e.
2308 1509 2480 1593 quid
2510 1508 2662 1575 ais?

289 1628 603 1676 veraxne
651 1610 789 1675 tihi
838 1629 1007 1675 esse
1055 1609 1334 1689 videor,
1386 1629 1474 1676 an
1521 1600 1825 1674 mendax'
1875 1619 1947 1676 et
1997 1608 2216 1676 vana?
2322 1619 2500 1698 atque
2563 1611 2659 1679 his

290 1714 508 1832 deinde
535 1714 845 1798 subiungit
871 1734 925 1778 v.
962 1714 1156 1779 1155.
1848 1727 1855 1733 ·

700 1804 1198 1907 ἐκμαρτύρησον
1239 1797 1719 1905 προῦμόσας
1760 1811 1845 1884 τό
1884 1809 1953 1902 μ’
2000 1810 2253 1886 εἰδέναι

619 1916 876 2011 λόγῳ
922 1919 1226 2002 παλαιὰς
1264 1915 1459 1988 τῶνδ’
1500 1914 1838 2011 ἁμαρτίας
1880 1915 2171 2009 δόμων.

289 2046 443 2112 quae
468 2027 646 2093 verba
676 2029 823 2111 quin
852 2037 1133 2113 corrupta
1164 2030 1286 2094 sint
1314 2028 1564 2093 dubium
1592 2046 1727 2093 esse
1753 2044 1879 2092 non
1917 2037 2139 2111 potest.
2197 2027 2542 2096 Absurdum
2569 2040 2665 2095 cst

287 2131 454 2196 enim
480 2133 822 2215 postulare,
853 2140 923 2197 ut
949 2133 1171 2198 chorus
1199 2133 1427 2198 iuratus
1464 2132 1878 2198 testimonium
1909 2132 2096 2210 dicat,
2133 2132 2330 2218 ipsam
2369 2153 2470 2213 ea,
2485 2153 2663 2219 -quae

288 2235 605 2316 cecinerat,
633 2238 787 2302 fama
830 2238 1156 2322 accepisse,
1182 2226 1389 2325 λόγῳ
1411 2230 1707 2304 εἶδέναιε-
1723 2255 1866 2302 nam
1891 2255 2088 2320 neque
2117 2238 2273 2303 scire
2293 2238 2515 2304 chorus
2542 2258 2660 2323 po-

291 2350 437 2418 test,
465 2341 703 2406 remane
730 2349 972 2425 accepta
1011 2361 1089 2407 an
1117 2342 1397 2407 divinitus
1435 2342 1727 2425 inspirata
1755 2341 2062 2419 cecinerit,
2092 2350 2152 2407 et
2179 2341 2234 2407 si
2263 2341 2477 2408 cecinit
2503 2343 2661 2408 tama

290 2456 557 2529 accepta,
592 2465 722 2512 non
758 2446 878 2512 iam
915 2458 1107 2526 vates,
1147 2448 1383 2531 qualem
1423 2467 1492 2512 se
1529 2467 1664 2513 esse
1701 2448 1986 2528 affirmat,
2026 2447 2136 2512 sed
2175 2447 2324 2513 nihil
2363 2447 2597 2513 diversa
2623 2468 2661 2515 a

289 2551 505 2636 quovis
532 2552 785 2616 relatore
813 2553 1025 2616 veteris
1064 2552 1391 2617 memoriae
1428 2551 1740 2630 videbitur.
1800 2553 1997 2634 Atque
2034 2543 2214 2617 etiam
2252 2551 2308 2616 si
2336 2570 2478 2617 cum
2503 2552 2663 2619 Her·.
2711 2579 2714 2584 ·

290 2674 515 2720 manno
554 2655 783 2721 scribas
822 2652 903 2722 τὰ
946 2653 1041 2744 μή
1089 2648 1342 2736 εἰδέναι
1356 2705 1373 2734 ,
1400 2665 1634 2739 partem
1673 2654 1916 2738 quidem
1955 2656 2354 2740 corruptelae,
2385 2657 2660 2723 nondum

293 2769 491 2825 tamen
541 2769 757 2824 totam·
797 2761 1129 2826 sustineris.
1219 2760 1374 2825 Nam
1426 2750 1829 2847 apodationes
1868 2754 1951 2825 τδ
1992 2756 2086 2848 μή
2132 2752 2385 2826 εἰδέναι
2426 2779 2554 2826 non
2605 2762 2660 2826 is

289 2864 405 2929 dici
428 2875 655 2948 potest,
690 2865 794 2948 qui
832 2864 1110 2943 alterum,
1148 2866 1259 2931 sed
1299 2867 1351 2929 is
1383 2873 1647 2939 tantum,
1693 2863 1796 2946 qui
1838 2873 2029 2929 semet
2055 2865 2256 2947 ipsum
2285 2865 2521 2930 nescire
2551 2865 2659 2931 ali·

291 2968 437 3052 quid
473 2969 657 3034 iurat:
697 2979 765 3034 ut
800 2970 948 3034 nihil
978 2969 1172 3034 dicem
1211 2970 1286 3033 de
1325 2969 1579 3034 mirifica
1612 2968 1746 3033 talis
1786 2967 1936 3034 iuris
1973 2968 2205 3033 iurandi
2236 2968 2659 3053 postulatione.

291 3073 614 3157 Aeschylus
643 3074 886 3157 stu-ipsit
912 3067 1409 3162 ἐκμαρτύρησον
1451 3063 1898 3161 πορύμοσάσῃ
1943 3068 2036 3159 μή
2082 3063 2339 3138 εἰδέναι
2380 3106 2468 3121 ——
2516 3073 2575 3137 h.
2605 3094 2658 3154 e,

291 3186 370 3240 tu
419 3177 598 3242 mihi
644 3178 866 3243 testis
917 3186 1077 3243 esto
1134 3179 1293 3260 (scil.
1331 3186 1536 3243 utrum
1577 3196 1714 3242 vera
1752 3195 1830 3241 an
1860 3176 2005 3241 falsa
2045 3176 2228 3257 sim),
2256 3185 2659 3262 ‚postquam

292 3281 425 3345 tihi
462 3282 952 3360 affirmavero,
985 3302 1092 3347 me
1126 3280 1312 3346 nihil
1351 3282 1664 3346 istarum
1701 3300 1946 3345 rerum
1985 3282 2166 3346 l'ama
2209 3290 2658 3363 compertum

291 3384 579 3450 hahere.
619 3386 875 3450 ‘Scilicet
912 3387 1060 3451 haec
1102 3384 1416 3451 affirmatio
1457 3386 1522 3450 in
1549 3386 1647 3450 his
1676 3384 1828 3468 ipsis
1859 3384 2057 3449 verbis
2086 3385 2261 3450 inest.
2317 3385 2412 3450 Ad
2437 3386 2660 3472 loquu-

291 3489 519 3554 tionem
549 3489 807 3554 conferri
855 3499 1059 3574 potest
1096 3510 1147 3555 v.
1195 3493 1225 3553 1
1239 3489 1390 3555 143:
1451 3484 1572 3554 καὶ
1613 3489 2008 3576 μαρτυρεῖτε
2048 3482 2438 3576 συνδρόμως
2477 3481 2664 3574 ἴχνος

291 3589 519 3658 κακῶν
571 3589 1010 3683 ῥινηλατούσῃ
1063 3591 1198 3660 τῶν
1248 3587 1472 3658 πάλαι
1515 3587 2024 3680 πεπραγμένων.
2071 3628 2158 3641 -
2195 3583 2664 3682 Ἐκμαρτυρεῖν

292 3718 406 3782 pro
432 3698 790 3785 μαρτυρεῖν
831 3700 906 3764 de
932 3700 1292 3783 praesentis,
1320 3718 1477 3777 non,
1505 3706 1574 3763 ut
1600 3698 1665 3763 in
1695 3698 1923 3763 forensi
1953 3716 2262 3776 sermone,
2293 3698 2368 3763 de
2395 3700 2659 3764 absentis

291 3802 636 3868 testimonio
666 3821 793 3868 non
823 3804 1019 3869 solum
1046 3804 1375 3888 Aeschylus
1405 3802 1551 3868 dixit
1578 3802 1751 3867 Eum.
1780 3822 1833 3867 v.
1866 3802 2024 3881 453,
2062 3802 2170 3867 sed
2208 3802 2385 3868 etiam
2413 3801 2660 3868 Aeschi-

292 3927 401 3972 nes
444 3908 509 3972 in
550 3906 848 3972 Timarch.
888 3927 949 3991 p.
994 3908 1116 3973 126
1158 3912 1232 3989 (ἦ
1280 3908 1465 3987 107),
1506 3906 1610 3972 uhi
1648 3915 1808 3972 recte
1848 3906 2201 3972 scholiastes
2239 3907 2660 3990 interpretatur

290 4006 581 4100 ἐκφῆναι
628 4005 750 4075 διὰ
792 4004 1177 4096 μαρτυρίας.
1203 4046 1287 4059 -
1314 4011 1665 4095 Respondet
1693 4011 1944 4076 chorus:
1972 4005 2092 4075 καὶ
2120 4007 2273 4088 πῶς
2301 3999 2387 4074 ἂν
2413 4002 2658 4095 ὅρκοι·

295 4112 533 4203 πῆγμα
577 4108 890 4199 γενναίως
939 4110 1155 4199 παγὲν
1196 4108 1538 4180 παιώνιον
1582 4115 1874 4200 γένοιτος
1920 4115 1980 4181 h.
2042 4135 2095 4178 e.
2158 4132 2283 4178 non
2336 4113 2451 4178 sihi
2501 4134 2660 4200 opus

291 4238 428 4285 esse
454 4219 746 4301 signifiat
775 4219 1140 4285 Cassandrae
1166 4221 1586 4297 affirmatione,
1616 4218 1902 4302 quoniam
1922 4217 2075 4283 nihil
2098 4238 2172 4282 ex
2192 4237 2267 4282 eo
2298 4216 2491 4283 solatii
2518 4237 2661 4303 per-

300 4333 582 4408 ceptum
621 4324 724 4402 sit,
763 4323 816 4388 si
857 4323 931 4387 de
967 4322 1208 4389 veritate
1247 4325 1374 4388 eius
1412 4322 1888 4407 praedictionum
1928 4321 2040 4387 sibi
2081 4341 2438 4406 persuasum
2466 4323 2660 4389 merit.
