3102 4866
1549 335 1639 400 54

318 539 381 598 11
424 532 601 598 etiam
640 530 899 598 clausula
937 526 1219 595 carminis
1253 523 1391 591 non‘
1419 524 1719 590 immerito
1758 525 1828 590 in
1866 524 2276 609 suspicionem
2303 527 2511 592 vocata
2545 535 2664 605 est,
2698 534 2768 593 ut

416 636 615 702 addita
651 636 726 701 ab
754 635 858 711 iis,
900 632 1002 716 qui
1039 632 1289 697 alterum
1330 647 1573 695 carmen
1601 628 1993 706 Hesiodeum,
2031 630 2194 713 quod
2224 639 2351 695 erat
2379 632 2455 696 de
2481 633 2764 714 auguriis,

420 760 560 806 cum
609 759 683 805 eo
734 736 1016 818 coniungi
1065 734 1298 799 vellent.
1399 734 1550 798 Nam
1601 745 1944 817 postremus
1998 745 2158 799 certe
2208 752 2435 811 versus,
2483 725 2768 822 ὢνιθας

418 836 657 929 κρίνων
681 839 801 906 καὶ
827 832 1248 926 ὑπερβασίας
1273 829 1604 918 ἀλεείνων,
1643 839 1861 904 iustam
1891 839 2289 904 offensione·
2314 839 2496 903 babet
2520 850 2769 924 propter

413 947 670 1013 subitam
699 947 852 1011 hanc
872 945 947 1009 de
974 943 1233 1027 auguriis
1263 941 1763 1019 admonitionem,
1778 961 2037 1026 quorum
2066 944 2128 1009 in
2149 943 2564 1028 superioribus
2593 962 2766 1026 prae-

416 1050 605 1135 ceptis
625 1050 783 1115 nulla
804 1066 1059 1132 prorsus
1080 1046 1307 1113 mentio
1337 1048 1487 1110 sacta
1516 1056 1629 1123 est,
1657 1065 1850 1131 neque
1868 1056 2072 1131 potest
2090 1048 2204 1114 alio
2229 1047 2480 1113 consilio
2502 1048 2768 1113 adiectus

415 1156 605 1230 credi,
654 1140 834 1239 quam
869 1160 936 1216 ut
984 1151 1298 1216 transitum
1339 1151 1557 1214 raca-et
1590 1150 1664 1214 ad
1705 1170 1943 1215 carmen
1981 1151 2059 1215 de
2094 1142 2660 1240 ὀρνιθομαντείᾳΙ
2687 1155 2765 1232 ²).

414 1261 583 1344 Hanc
621 1258 701 1324 oh
737 1275 975 1322 causam
1002 1255 1358 1338 Apollonius
1386 1254 1656 1318 Rhodius
1687 1261 1747 1318 et
1782 1254 1945 1319 hunc
1971 1264 2032 1319 et
2069 1256 2222 1320 duos
2249 1256 2565 1340 proximos
2595 1258 2769 1322 dam-

414 1382 595 1429 nasse
628 1361 887 1437 videtur,
936 1360 999 1424 id
1051 1359 1211 1444 quod
1250 1378 1285 1423 e
1335 1358 1568 1423 scholio
1618 1357 1695 1421 ad
1732 1377 1787 1422 v.
1826 1358 1953 1423 826
1988 1359 2454 1441 cognoscimust
2503 1354 2774 1438 τούτοις

416 1456 750 1550 &mirovei
788 1453 966 1540 τινες
1005 1457 1128 1548 τήν
1170 1450 1749 1548 ὀρνιθομαντείαν.
1807 1453 2007 1526 ἅτινα
2034 1453 2498 1542 ,Ἀπολλώνιος
2542 1455 2582 1529 ὅ
2629 1455 2772 1529 Ῥό-

417 1568 568 1647 διος
610 1558 865 1634 ἀθετεῖ.
954 1565 1108 1630 Nam
1151 1582 1489 1648 pronomen
1534 1564 1842 1629 relativum
1891 1584 2017 1630 non
2062 1566 2137 1630 ad
2187 1558 2771 1653 ὀρνιθομαντείαν,

418 1675 524 1740 sed
552 1674 629 1740 ad
663 1665 955 1749 τούτοις,
1002 1670 1061 1734 h.
1094 1690 1148 1735 e.
1188 1669 1263 1733 ad
1303 1676 1425 1732 tres
1455 1668 1589 1732 illos
1620 1686 1855 1743 versus,
1885 1669 1960 1734 de
1988 1669 2206 1753 quibus
2235 1670 2356 1735 hoc
2383 1670 2614 1735 scholio
2645 1672 2774 1752 agi-

419 1791 537 1855 tm·,
567 1778 863 1862 pertinere
883 1775 1260 1839 manifestum
1290 1782 1403 1837 est.
1461 1773 1710 1838 Factum
1731 1781 1825 1836 est
1850 1773 2032 1855 igitur
2056 1774 2441 1857 in·0peribus
2470 1784 2532 1839 et
2548 1774 2775 1840 Diebus

418 1883 608 1958 idem,
659 1878 820 1963 quod
858 1879 921 1943 in
950 1876 1317 1959 Theogonia-
1376 1875 1525 1940 Nam
1572 1876 1714 1941 huic
1751 1896 1991 1961 quoque
2041 1879 2162 1942 duo
2200 1898 2409 1943 versus
2462 1879 2775 1963 postremi,

420 1982 533 2051 νῦν
576 1978 655 2049 δὲ
695 1977 1022 2068 γυναικῶν
1063 1974 1273 2067 φῦλον
1315 1968 1621 2059 αἐίσατε,
1663 1972 2031 2067 ἡδυέπειαι
2075 1980 2368 2047 Μοῦσαι
2404 1975 2802 2068 Ὀλυμπιά-’

422 2090 557 2169 (1ος,-
603 2084 842 2175 κοῦραι
885 2080 1061 2162 Διὸς
1089 2076 1451 2169 αἰγιόχοιο,
1490 2094 1810 2168 propterea
1845 2085 2054 2150 adiecti
2091 2096 2260 2162 sunt,
2289 2098 2356 2151 ut
2383 2088 2458 2151 ad
2488 2086 2778 2152 subiunc-

419 2204 554 2260 tum
582 2193 645 2257 in
675 2189 1109 2256 Hesiodeorum
1141 2188 1472 2253 carminum
1503 2207 1757 2273 corpore
1787 2190 2167 2273 ‘theogoniae
2195 2191 2539 2275 Catalogum
2567 2192 2779 2256 mulie·

428 2317 564 2364 rum
602 2295 889 2361 transitus
927 2294 1121 2367 fieret,
1162 2293 1490 2377 eodemque
1529 2295 1746 2372 modo,
1796 2294 1899 2378 qui
1937 2295 2404 2360 Homericorum
2452 2297 2781 2361 carminum

432 2418 687 2487 corpora
712 2407 1202 2482 composuerunt,
1232 2407 1609 2482 postremum
1631 2399 1834 2489 *Iliadis
1852 2417 2117 2477 versum,
2147 2388 2243 2478 (ὃς
2271 2391 2408 2485 οἵγ’
2437 2391 2786 2490 ἀμφίεπον

425 2502 649 2595 τάφον
672 2497 997 2590 Ἕκτορος
1047 2493 1484 2584 ἱπποδάμοιο
1528 2504 1617 2568 sic
1658 2504 2078 2580 immutarunt,
2120 2493 2214 2580 (ὃς
2257 2496 2389 2588 οἵγ’
2437 2495 2787 2593 ἀμφίεπον

426 2605 650 2701 τάφον
687 2603 1039 2696 Ἕκτορος·
1083 2592 1261 2695 ἦλθε
1302 2597 1369 2672 δ’
1413 2599 1726 2690 Ἅμαζων
1751 2641 1836 2654 -
1864 2615 1934 2670 ut
1961 2615 2415 2671 connecteretur
2443 2626 2581 2672 cum
2609 2608 2787 2673 iliade

430 2713 763 2797 Aethiopis.
802 2747 887 2759 —
924 2711 1121 2776 Minus
1150 2712 1364 2796 liquet,
1396 2730 1576 2796 quam
1609 2711 1750 2776 illud
1777 2730 1915 2775 vere
1950 2730 1985 2775 a
2017 2710 2373 2794 quibusdam
2412 2713 2555 2775 viris
2593 2711 2787 2776 doctis

428 2827 718 2886 statuatur
740 2824 757 2863 ¹
782 2820 843 2897 Β)
859 2864 876 2892 ,
916 2825 1101 2881 totam
1141 2816 1297 2881 hanc
1332 2815 1775 2901 ephemeridem
1807 2814 1933 2879 sive
1959 2814 2190 2879 dierum
2220 2815 2557 2880 sanatorum
2585 2816 2780 2880 insau-

428 2935 783 3007 storumque
812 2921 1166 2997 doctrinam,
1197 2941 1233 2985 a
1259 2942 1313 2986 v.
1347 2921 1472 2985 765
1501 2920 1578 2984 ad
1608 2919 1755 2996 828,
1787 2919 1929 2983 olim
1959 2918 2033 2982 ab
2055 2919 2323 3008 Operum
2350 2919 2781 3002 exemplaribus

427 3030 705 3097 abhtisse.
795 3027 966 3091 Certe
994 3025 1225 3090 nullum
1255 3026 1430 3091 huius
1467 3025 1553 3090 rei
1596 3031 2012 3106 argumentum
2052 3043 2124 3086 ex
2151 3022 2568 3105 Aristophanis
2596 3022 2815 3088 Ranis-

291 3133 309 3150 '
431 3136 555 3220 peti
585 3132 863 3198 debuisse
901 3129 1185 3206 arbitror,
1224 3128 1389 3213 quod
1426 3127 1605 3192 huius
1636 3127 1867 3192 fabulae
1895 3144 2070 3189 versu
2104 3125 2262 3190 1061
2299 3124 2598 3191 Hesiodus
2626 3127 2781 3191 ceci-

424 3240 592 3305 nisse
625 3237 840 3303 dicitur
883 3237 1003 3322 γῆς
1043 3225 1377 3318 ἐργασίας,
1420 3231 1706 3316 καρπῶν
1748 3221 1953 3314 ὥρας,
2000 3220 2308 3313 ἀρότουςε
2359 3246 2500 3292 nam
2536 3229 2782 3312 plenum

428 3343 685 3409 indicem
724 3359 926 3406 rerum
966 3339 1040 3404 ab
1069 3336 1334 3402 Hesiodo
1372 3343 1755 3400 tractatarum
1791 3331 1865 3396 ab
1904 3331 2301 3414 Aristophane
2341 3331 2467 3396 dari
2504 3332 2783 3397 debuisse

335 3463 398 3517 12
433 3447 568 3532 quis
607 3446 850 3512 tandem
891 3439 1133 3508 credet?
1219 3442 1314 3504 An
1351 3440 1504 3503 rorte
1550 3439 1614 3502 in
1655 3436 1900 3501 Homeri
1937 3455 2176 3521 quoque
2223 3435 2587 3501 carminibus
2639 3437 2785 3502 nihil

430 3698 488 3753 C.
510 3697 570 3753 Γ.
594 3689 884 3751 Hermanno
906 3696 1108 3766 placet,
1143 3683 1289 3743 euius
1312 3685 1657 3740 doctissimum
1683 3684 1997 3738 schediasma
2029 3685 2093 3737 de
2115 3684 2179 3737 H.
2205 3683 2300 3753 Op.
2327 3685 2605 3753 prooemio,
2628 3683 2784 3739 indiei

426 3786 591 3844 schol.
616 3783 762 3839 (ἴση.
788 3784 937 3837 huius
961 3778 1226 3835 semestrb
1250 3773 1606 3846 praemissum,
1632 3786 1764 3824 nuuc
1788 3771 1978 3841 ipsum,
2001 3772 2117 3823 dum
2140 3770 2266 3824 haee
2290 3772 2485 3839 scribo,
2509 3771 2782 3826 elai-{asini

425 3873 661 3929 auctoris
685 3869 1074 3924 benevolentiae
1095 3871 1359 3938 acceptum
1383 3859 1572 3914 refero.
2339 3909 2350 3916 ι
2678 3857 2684 3862 ’

569 3960 653 4029 17)
688 3957 939 4027 Pet-qnam
971 3951 1301 4024 improbabile
1335 3956 1444 4013 est,
1481 3947 1613 4016 quod
1647 3943 2088 3999 Markachefl'eliua
2122 3945 2220 4012 ait,
2251 3944 2289 3997 1.
2323 3944 2359 3998 1.
2396 3961 2445 4015 p.
2487 3946 2610 3998 1732
2643 3945 2783 4012 „Cur

438 4047 920 4123 Ὀρνιθομαντεία
943 4042 1106 4112 primo
1132 4046 1251 4109 post
1273 4036 1441 4106 Opera
1464 4034 1580 4087 loeo
1605 4039 1900 4102 poneretur,
1925 4046 2082 4085 causa
2104 4032 2292 4085 eratin
2316 4040 2549 4085 extremo
2575 4032 2783 4085 Diei-um
2875 4060 2879 4064 <

426 4154 586 4193 vern
608 4136 801 4206 posita:
836 4124 1076 4207 ὄρνιθας
1107 4130 1317 4200 κρίνων
1337 4123 1432 4176 καὶ
1464 4116 1812 4195 ὑπερβασίας
1835 4113 2126 4184 ἀλεείνων,
2160 4119 2284 4172 nisi
2317 4126 2589 4189 propter
2622 4117 2783 4171 hun

426 4240 685 4280 versum
709 4209 908 4275 totum
931 4230 1178 4273 carmen
1211 4210 1625 4280 compositum
1651 4205 1846 4260 erat.“
1891 4204 2101 4259 Rectius
2133 4206 2322 4260 iudicat
2344 4204 2695 4270 Vollbehrius,
2731 4204 2780 4257 in

430 4312 650 4367 editione
675 4309 770 4378 Op.
797 4315 854 4362 et
876 4307 937 4360 D.
985 4303 1087 4358 lm.
1114 4301 1264 4355 1844.
1286 4316 1335 4368 p.
1363 4296 1447 4350 82.

410 4415 420 4425 ·
569 4396 653 4466 18)
694 4395 974 4462 (ἱοοιῑῑίος.
1001 4389 1161 4464 praef.
1186 4405 1237 4460 p.
1258 4381 1568 4440 XXXVI&
