3102 4866
1331 331 1492 415 '77

402 531 752 626 κίβδηλον
768 531 1088 625 εὑρίσκων
1127 534 1299 626 βίον,
2330 565 2334 569 ·

402 639 629 710 πολλὰ
670 638 793 726 μὲν
835 638 905 711 ἐν
948 639 1141 730 δουρὶ
1183 639 1415 723 τιθεὶς
1456 635 1719 727 αὐχένα,
1768 640 1993 711 πολλα
2037 640 2104 711 δ’
2149 638 2222 711 ἐν
2260 641 2523 734 τροχῷ,ἶ
2596 692 2607 699 -

319 776 326 783 ’
397 742 627 813 πολλὰ
671 743 750 813 δὲ
787 745 998 872 >νιῖἰτον
1039 742 1309 835 σκυτίνῃ
1355 743 1640 833 μάστιγι
1680 744 2096 833 θωμιχθείς,
2139 742 2356 898 κείμην
2474 790 2479 797 -

255 896 260 899 -
403 845 699 937 πώγωνά
740 842 807 916 τ’
850 846 1332 935 ἐκτετιλμένος·

399 952 514 1021 νῦν
556 948 623 1020 δ’
669 947 1017 1040 ἐπιβαίνει
1060 949 1395 1033 σατινέων,
1439 949 1687 1040 χρύσεα
1730 948 1993 1044 φορέων
2034 950 2519 1041 καθέρματα

341 1068 350 1079 ’
403 1055 575 1139 πάϊς
615 1054 845 1146 Κύκης
861 1062 944 1139 ³),
989 1054 1108 1123 καὶ
1152 1052 1551 1157 σκιαδίσκην
1579 1052 2009 1149 ἐλεφαντίνην
2048 1056 2309 1149 φορέει,
2355 1074 2361 1081 ’

402 1158 700 1249 γυναιξὶν
742 1182 959 1239 αυτως
1006 1150 1357 1251 [ἕμφὲρήςῙ.
2449 1208 2456 1217 .

446 1266 690 1332 Uncinis
719 1266 947 1331 inclusa
968 1265 1323 1343 addidimus,
1354 1286 1505 1350 quae
1530 1267 1772 1333 lacunas
1801 1266 2184 1351 probabiliter
2211 1267 2447 1352 explere
2465 1268 2630 1334 vide-

270 1382 498 1437 rentur.
525 1361 799 1447 ,Αῧτως
816 1388 994 1434 versu
1016 1379 1325 1451 postremo
1351 1388 1488 1435 cum
1506 1380 1875 1454 comtemptu
1896 1380 1956 1437 et
1976 1372 2383 1457 indignatione
2404 1372 2628 1437 dictum
2696 1357 2705 1365 ⁹

274 1474 656 1540 illustrabunt
683 1472 949 1555 exempla
975 1492 1009 1537 a
1038 1473 1402 1538 Buttmanno
1434 1474 1609 1539 citata
1638 1475 1895 1559 Lexilog.
1927 1477 1954 1540 1
1983 1480 2044 1560 pss
2077 1476 2181 1541 37.
2214 1475 2316 1546 38.
2377 1476 2656 1553 Qualem·
2708 1477 2716 1485 ”

270 1589 470 1645 autem
497 1577 810 1643 hominem
842 1576 1023 1641 istum
1052 1578 1439 1642 Artemonem
1469 1577 1657 1642 fuisse
1684 1578 2046 1662 putabimus,
2076 1590 2136 1644 et
2163 1600 2344 1664 quam
2374 1580 2454 1645 ob
2486 1600 2629 1646 cau-

269 1704 399 1749 sam
446 1676 904 1771 περιφόρητον
946 1679 1216 1747 dictum?
1287 1680 1441 1746 Nam
1472 1681 1938 1759 Chamaeleonti,
1982 1682 2085 1768 qui
2118 1685 2242 1749 boc
2279 1684 2360 1749 illi
2400 1702 2629 1767 cogno-

277 1797 551 1853 mentum
580 1786 837 1851 inditum
867 1805 1001 1851 esse
1029 1784 1175 1851 dicit
1204 1780 1324 1850 διὰ
1351 1779 1432 1849 τὸ
1459 1781 1801 1874 τρυφερῶς
1842 1782 2122 1870 βιοῦντα
2163 1782 2629 1877 περιφέρεθαι

274 1886 398 1958 ἐπι
440 1883 695 1979 κλίνης,
742 1890 920 1954 fidem
949 1889 1157 1955 haberi
1184 1898 1340 1953 vetat
1365 1889 1711 1954 Welckerus
1751 1890 1814 1954 in
1843 1910 2095 1957 censura
2130 1892 2265 1957 libri
2293 1891 2624 1975 Bergkiani,

263 1996 416 2060 llus.
447 1994 640 2059 Rben.
681 2011 803 2057 ann
845 1992 1011 2058 1835
1051 1995 1197 2057 fasc.
1235 1994 1265 2055 1
1298 2012 1360 2077 p.
1396 1993 1547 2069 156,
1590 2005 1651 2058 et
1677 1994 1965 2076 Bergkius
2002 2015 2242 2081 quoque
2278 1998 2512 2079 p.114
2551 1997 2627 2062 de

265 2100 509 2164 veritate
548 2096 954 2180 explicationis
984 2095 1211 2160 dubitat
1237 2105 1582 2180 propterea,
1613 2098 1776 2180 quod
1816 2097 1890 2162 de
1923 2098 2130 2165 lectica
2165 2099 2317 2165 nihil
2343 2109 2439 2166 est
2462 2101 2624 2185 apud

265 2192 726 2277 Anaoeeontem,
766 2201 869 2264 sed
909 2209 1190 2284 carpento
1219 2199 1466 2263 Artemo
1505 2200 1639 2265 vehi
1680 2200 1911 2265 dicitur.
1998 2202 2178 2268 Esset
2212 2202 2333 2269 hoc
2368 2206 2626 2270 fortasse
2661 2225 2665 2230 ·

265 2307 504 2390 aliquid,
535 2306 588 2370 si
609 2305 905 2386 integrum
927 2322 1186 2381 corma,
1216 2320 1342 2367 non
1364 2304 1763 2386 fragmentum
1790 2304 2178 2372 haberemus:
2216 2308 2438 2373 mirum
2464 2308 2627 2374 enim

266 2419 428 2476 esset
454 2410 584 2476 eius
612 2410 726 2488 rei,
765 2409 926 2474 unde
954 2426 1290 2493 cognomen
1316 2407 1548 2475 homini
1579 2409 1812 2489 datum,
1850 2410 2071 2476 nullam
2102 2432 2138 2477 a
2164 2420 2343 2497 poeta
2369 2409 2629 2479 mentio-

139 2541 150 2550 ·
266 2535 409 2581 nem
438 2516 597 2595 fieri3
623 2533 789 2580 nunc
816 2523 1016 2580 autem
1046 2513 1188 2597 quid
1218 2512 1484 2597 impedit,
1513 2515 1840 2597 quominus
1870 2514 2387 2582 Chamaeleontem
2415 2537 2625 2583 verum
2727 2511 2732 2515 ’

268 2621 468 2686 dioere
491 2620 672 2703 idque
700 2628 804 2685 aut
830 2639 904 2687 ex
928 2618 1048 2683 hoc
1074 2617 1210 2701 ipso
1240 2617 1635 2682 Anacreontis
1668 2619 1956 2697 carmine,
1984 2619 2220 2704 integro
2250 2621 2494 2700 scilicet,
2523 2630 2629 2687 aut

266 2744 339 2789 ex
379 2725 509 2790 aliis
548 2723 871 2808 deperditis
908 2722 974 2787 in
1012 2721 1269 2788 eundem
1305 2710 1692 2787 Artemonem
1731 2724 1972 2807 scriptis
2012 2726 2369 2808 cognovisse
2410 2725 2621 2791 emda-
2658 2739 2723 2795 12

264 2826 452 2894 mus?
494 2828 615 2894 nisi
645 2829 799 2893 forte
827 2827 928 2911 qui
955 2817 1306 2911 plerumque
1332 2824 1538 2891 lectica
1571 2828 1789 2910 gestari
1818 2828 2062 2907 soleret,
2105 2849 2242 2894 eum
2272 2850 2401 2896 non
2427 2831 2623 2909 etiam,

261 2934 368 2999 ubi
417 2952 518 2999 res
568 2934 775 3012 ferret,
828 2940 1111 3016 carpento
1154 2928 1290 2994 vehi
1340 2929 1615 3012 potuisse
1658 2930 2005 2996 iudicamus.
2092 2933 2280 2999 Maior
2323 2942 2482 3000 certe
2530 2934 2626 2998 e'st

266 3037 770 3116 Chamaeleontis,
810 3036 913 3121 qui
951 3035 1087 3101 data
1123 3053 1305 3118 opera
1343 3033 1417 3097 de
1451 3034 1862 3100 Anacreontis
1877 3036 1993 3100 vita
2032 3045 2092 3101 et
2128 3039 2367 3123 scriptis
2403 3048 2623 3122 egerat,

263 3161 445 3225 quam
483 3140 847 3206 scholiastae
892 3140 1096 3204 nescio
1146 3138 1315 3202 οιιίιιε
1354 3138 1704 3216 auctoritas,
1752 3140 1855 3224 qui
1901 3141 1976 3204 ad
2015 3142 2319 3226 Aristoph.
2364 3138 2624 3208 Achai-n.

261 3265 318 3310 v.
362 3244 489 3310 815
540 3237 996 3334 περιφόρητον
1026 3235 1414 3329 Ἀρτέμωνα
1451 3242 1515 3307 in
1559 3242 1877 3326 proverbio
1919 3243 2144 3310 dictum
2183 3264 2319 3312 esse
2355 3255 2628 3313 autumat

264 3341 392 3413 ἐπὶ
434 3344 643 3414 καλοῦ
683 3342 804 3412 καὶ
848 3339 1317 3432 ἆρπαζομένου
1371 3366 1547 3434 προς
1588 3340 1861 3410 πάντων
1903 3342 2180 3428 παιδός.
2266 3351 2337 3416 ln
2376 3369 2626 3436 prover-

262 3452 436 3517 bium
473 3451 816 3516 Artemonis
851 3468 1080 3515 nomen
1116 3448 1336 3515 abiisse
1372 3449 1538 3514 facile
1576 3452 1783 3528 credo,
1820 3451 2001 3535 idque
2039 3453 2092 3517 is
2131 3454 2293 3538 ipse,
2330 3455 2408 3520 ad
2436 3474 2627 3545 ‚quem

265 3556 420 3621 haec
455 3555 723 3638 scripsit,
772 3555 1187 3638 Aristophanis
1238 3553 1408 3619 locus
1448 3555 1630 3619 fldem
1668 3555 1833 3632 tacit,
1888 3556 2197 3623 Cratinum
2236 3558 2351 3623 illo'
2374 3561 2626 3625 nomine
2678 3597 2681 3600 Δ

263 3660 601 3745 appdlans3
632 3660 736 3724 sed
758 3660 832 3724 de
852 3659 1116 3744 pulchris
1137 3660 1361 3743 pueris,
1394 3678 1549 3742 quos
1573 3679 1786 3725 omnes
1809 3669 2150 3743 expeterent
2169 3662 2326 3728 etad
2354 3684 2422 3730 se
2449 3683 2627 3748 rape-

258 3773 430 3840 rent,
471 3763 614 3827 illud
651 3773 1007 3848 usurpatum
1046 3783 1182 3828 esse
1210 3782 1404 3847 neque
1440 3773 1691 3847 propter
1718 3763 2181 3849 Aristophanem
2211 3768 2488 3834 credibile
2514 3778 2628 3847 est,

259 3869 368 3953 qni
396 3866 705 3933 Cratinum
731 3867 912 3932 nobis
941 3886 1067 3940 non
1109 3886 1251 3932 sane
1278 3868 1599 3951 pulchrum
1628 3875 1690 3933 et
1726 3869 2049 3952 expetitum
2079 3883 2332 3955 propter
2358 3871 2627 3957 pulchri-
2694 3920 2704 3929 .

255 3971 533 4037 tudinem
561 3972 866 4055 proponit,
892 3990 1086 4056 neque
1115 3966 1611 4061 περιφορήτους
1647 3972 1768 4038 boc
1793 3992 1981 4039 sensu
2010 3975 2203 4041 dictos
2230 3996 2364 4041 esse
2390 3975 2627 4041 aliunde

253 4076 564 4154 novimus,
589 4084 693 4140 aut
721 4075 835 4140 dici
863 4075 1136 4159 potuisse
1174 4074 1533 4141 arbitramur
1549 4080 1632 4158 θ).
1696 4078 1877 4155 Quod
1900 4087 2098 4145 autem
2128 4079 2204 4145 de
2233 4080 2471 4146 duobus
2497 4079 2626 4145 Po·
2769 4143 2782 4149 -

406 4326 455 4392 5)
490 4324 748 4394 Praestat,
773 4324 969 4396 opinor,
994 4339 1107 4378 cum
1130 4324 1414 4380 Hermanno
1437 4326 1618 4393 legere
1640 4329 1838 4386 παῖςο
1816 4319 2070 4397 “Κῦιιης,
2126 4369 2129 4372 .
2204 4363 2209 4372 .
2268 4365 2277 4373 .
2438 4353 2447 4366 .
2524 4361 2527 4368 ,

375 4411 455 4481 ·6)
489 4412 814 4516 Probabilior
835 4420 922 4467 est
950 4412 1168 4466 alterius
1197 4412 1428 4466 Scholias
1430 4420 1514 4467 tae
1545 4414 1851 4483 explicatio,
1883 4411 2298 4490 πολυφόρητον
2330 4432 2453 4475 ease
2470 4365 2613 4492 oon,
