<?xml version="1.0" encoding="UTF-8"?>
<!DOCTYPE html PUBLIC "-//W3C//DTD XHTML 1.0 Transitional//EN"
    "http://www.w3.org/TR/xhtml1/DTD/xhtml1-transitional.dtd">
<html xmlns="http://www.w3.org/1999/xhtml" xml:lang="en" lang="en">
 <head>
  <title>
</title>
<meta http-equiv="Content-Type" content="text/html;charset=utf-8" />
  <meta name='ocr-system' content='tesseract 3.04.00' />
  <meta name='ocr-capabilities' content='ocr_page ocr_carea ocr_par ocr_line ocrx_word'/>
</head>
<body>
  <div class='ocr_page' id='page_1' title='image "./opusculaacademi04schgoog_0217.png"; bbox 0 0 3102 4866; ppageno 0'>
   <div class='ocr_carea' id='block_1_1' title="bbox 1399 268 1527 334">
    <p class='ocr_par' dir='ltr' id='par_1_1' title="bbox 1399 268 1527 334">
     <span class='ocr_line' id='line_1_1' title="bbox 1399 268 1527 334; baseline -0.023 0"><span class='ocrx_word' id='word_1_1' title='bbox 1399 268 1527 334; x_wconf 82' lang='lat'><strong>207</strong></span> 
     </span>
    </p>
   </div>
   <div class='ocr_carea' id='block_1_2' title="bbox 1259 358 1671 373">
    <p class='ocr_par' dir='ltr' id='par_1_2' title="bbox 1259 358 1671 373">
     <span class='ocr_line' id='line_1_2' title="bbox 1259 358 1671 373; baseline 0 4493"><span class='ocrx_word' id='word_1_2' title='bbox 1259 358 1671 373; x_wconf 95' lang='lat' dir='ltr'><strong> </strong></span> 
     </span>
    </p>
   </div>
   <div class='ocr_carea' id='block_1_3' title="bbox 211 451 2769 2737">
    <p class='ocr_par' dir='ltr' id='par_1_3' title="bbox 292 451 2653 545">
     <span class='ocr_line' id='line_1_3' title="bbox 292 451 2653 545; baseline -0.003 -20"><span class='ocrx_word' id='word_1_3' title='bbox 292 461 597 545; x_wconf 87' lang='lat' dir='ltr'><strong>principes</strong></span> <span class='ocrx_word' id='word_1_4' title='bbox 638 458 1025 525; x_wconf 88' lang='lat' dir='ltr'><strong>Parmenides</strong></span> <span class='ocrx_word' id='word_1_5' title='bbox 1063 467 1126 523; x_wconf 93' lang='lat' dir='ltr'><strong>et</strong></span> <span class='ocrx_word' id='word_1_6' title='bbox 1165 457 1326 523; x_wconf 88' lang='lat' dir='ltr'><strong>Zeno</strong></span> <span class='ocrx_word' id='word_1_7' title='bbox 1348 459 1408 537; x_wconf 79' lang='lat'><strong>³)</strong></span> <span class='ocrx_word' id='word_1_8' title='bbox 1447 457 1522 521; x_wconf 91' lang='lat' dir='ltr'><strong>de</strong></span> <span class='ocrx_word' id='word_1_9' title='bbox 1558 457 1674 523; x_wconf 83' lang='lat' dir='ltr'><strong>vita</strong></span> <span class='ocrx_word' id='word_1_10' title='bbox 1716 467 1778 523; x_wconf 85' lang='lat' dir='ltr'><strong>et</strong></span> <span class='ocrx_word' id='word_1_11' title='bbox 1812 456 2085 522; x_wconf 91' lang='lat' dir='ltr'><strong>moribus</strong></span> <span class='ocrx_word' id='word_1_12' title='bbox 2129 455 2326 541; x_wconf 88' lang='lat' dir='ltr'><strong>paullo</strong></span> <span class='ocrx_word' id='word_1_13' title='bbox 2375 451 2653 519; x_wconf 83' lang='lat' dir='ltr'><strong>subtilius</strong></span> 
     </span>
    </p>

    <p class='ocr_par' dir='ltr' id='par_1_4' title="bbox 211 542 2717 1274">
     <span class='ocr_line' id='line_1_4' title="bbox 211 542 2717 649; baseline -0.002 -20"><span class='ocrx_word' id='word_1_14' title='bbox 211 606 223 611; x_wconf 89' lang='lat'>-</span> <span class='ocrx_word' id='word_1_15' title='bbox 290 564 698 649; x_wconf 87' lang='lat' dir='ltr'><strong>philosophati</strong></span> <span class='ocrx_word' id='word_1_16' title='bbox 728 574 888 642; x_wconf 89' lang='lat' dir='ltr'><strong>sunt,</strong></span> <span class='ocrx_word' id='word_1_17' title='bbox 913 564 1063 629; x_wconf 86' lang='lat' dir='ltr'><strong>haec</strong></span> <span class='ocrx_word' id='word_1_18' title='bbox 1089 571 1151 628; x_wconf 92' lang='lat' dir='ltr'><strong>et</strong></span> <span class='ocrx_word' id='word_1_19' title='bbox 1177 581 1367 647; x_wconf 88' lang='lat' dir='ltr'><strong>pauca</strong></span> <span class='ocrx_word' id='word_1_20' title='bbox 1388 563 1629 627; x_wconf 75' lang='lat' dir='ltr'><strong>fuerunt</strong></span> <span class='ocrx_word' id='word_1_21' title='bbox 1649 580 1761 626; x_wconf 90' lang='lat' dir='ltr'><strong>nec</strong></span> <span class='ocrx_word' id='word_1_22' title='bbox 1780 542 1983 644; x_wconf 77' lang='lat' dir='ltr'><strong>magni</strong></span> <span class='ocrx_word' id='word_1_23' title='bbox 2005 562 2078 626; x_wconf 87' lang='lat' dir='ltr'><strong>ad</strong></span> <span class='ocrx_word' id='word_1_24' title='bbox 2102 581 2235 626; x_wconf 87' lang='lat' dir='ltr'><strong>eam</strong></span> <span class='ocrx_word' id='word_1_25' title='bbox 2257 577 2407 643; x_wconf 86' lang='lat' dir='ltr'><strong>quae</strong></span> <span class='ocrx_word' id='word_1_26' title='bbox 2437 566 2647 644; x_wconf 82' lang='lat' dir='ltr'><strong>postea</strong></span> <span class='ocrx_word' id='word_1_27' title='bbox 2680 569 2717 623; x_wconf 76' lang='lat' dir='ltr'><strong>o</strong></span> 
     </span>
     <span class='ocr_line' id='line_1_5' title="bbox 293 662 2657 745; baseline -0.002 -12"><span class='ocrx_word' id='word_1_28' title='bbox 293 669 484 734; x_wconf 87' lang='lat' dir='ltr'><strong>extitit</strong></span> <span class='ocrx_word' id='word_1_29' title='bbox 511 688 755 735; x_wconf 91' lang='lat' dir='ltr'><strong>morum</strong></span> <span class='ocrx_word' id='word_1_30' title='bbox 785 670 1119 735; x_wconf 79' lang='lat' dir='ltr'><strong>doctrinam</strong></span> <span class='ocrx_word' id='word_1_31' title='bbox 1148 667 1459 745; x_wconf 79' lang='lat' dir='ltr'><strong>momenti,</strong></span> <span class='ocrx_word' id='word_1_32' title='bbox 1503 675 1563 732; x_wconf 89' lang='lat' dir='ltr'><strong>et</strong></span> <span class='ocrx_word' id='word_1_33' title='bbox 1591 664 1966 730; x_wconf 81' lang='lat' dir='ltr'>uberioribus</span> <span class='ocrx_word' id='word_1_34' title='bbox 1997 665 2262 730; x_wconf 81' lang='lat' dir='ltr'><strong>Socratis</strong></span> <span class='ocrx_word' id='word_1_35' title='bbox 2298 672 2360 729; x_wconf 89' lang='lat' dir='ltr'><strong>et</strong></span> <span class='ocrx_word' id='word_1_36' title='bbox 2388 662 2657 729; x_wconf 88' lang='lat' dir='ltr'><strong>Socrati·</strong></span> 
     </span>
     <span class='ocr_line' id='line_1_6' title="bbox 296 767 2660 859; baseline -0.003 -19"><span class='ocrx_word' id='word_1_37' title='bbox 296 793 505 839; x_wconf 88' lang='lat' dir='ltr'><strong>corum</strong></span> <span class='ocrx_word' id='word_1_38' title='bbox 537 774 1042 859; x_wconf 88' lang='lat' dir='ltr'><strong>disputationibus</strong></span> <span class='ocrx_word' id='word_1_39' title='bbox 1074 794 1215 838; x_wconf 86' lang='lat' dir='ltr'><strong>mox</strong></span> <span class='ocrx_word' id='word_1_40' title='bbox 1245 774 1419 857; x_wconf 87' lang='lat' dir='ltr'><strong>plane</strong></span> <span class='ocrx_word' id='word_1_41' title='bbox 1449 773 1783 838; x_wconf 86' lang='lat' dir='ltr'><strong>obscurata.</strong></span> <span class='ocrx_word' id='word_1_42' title='bbox 1846 769 2150 834; x_wconf 76' lang='lat' dir='ltr'><strong>Socratem</strong></span> <span class='ocrx_word' id='word_1_43' title='bbox 2182 789 2323 834; x_wconf 81' lang='lat' dir='ltr'><strong>vero</strong></span> <span class='ocrx_word' id='word_1_44' title='bbox 2354 769 2555 854; x_wconf 88' lang='lat' dir='ltr'><strong>ipsum</strong></span> <span class='ocrx_word' id='word_1_45' title='bbox 2576 767 2660 833; x_wconf 85' lang='lat' dir='ltr'><strong>de</strong></span> 
     </span>
     <span class='ocr_line' id='line_1_7' title="bbox 296 872 2659 959; baseline -0.002 -17"><span class='ocrx_word' id='word_1_46' title='bbox 296 880 465 944; x_wconf 86' lang='lat' dir='ltr'><strong>omni</strong></span> <span class='ocrx_word' id='word_1_47' title='bbox 483 878 802 944; x_wconf 88' lang='lat' dir='ltr'><strong>hominum</strong></span> <span class='ocrx_word' id='word_1_48' title='bbox 825 879 939 943; x_wconf 82' lang='lat' dir='ltr'><strong>vita</strong></span> <span class='ocrx_word' id='word_1_49' title='bbox 963 877 1116 942; x_wconf 84' lang='lat' dir='ltr'><strong>civili</strong></span> <span class='ocrx_word' id='word_1_50' title='bbox 1144 897 1214 942; x_wconf 87' lang='lat' dir='ltr'><strong>ac</strong></span> <span class='ocrx_word' id='word_1_51' title='bbox 1235 877 1563 943; x_wconf 88' lang='lat' dir='ltr'><strong>domestica</strong></span> <span class='ocrx_word' id='word_1_52' title='bbox 1597 875 1881 959; x_wconf 86' lang='lat' dir='ltr'><strong>omnique</strong></span> <span class='ocrx_word' id='word_1_53' title='bbox 1908 892 2123 958; x_wconf 89' lang='lat' dir='ltr'><strong>genere</strong></span> <span class='ocrx_word' id='word_1_54' title='bbox 2153 874 2487 939; x_wconf 86' lang='lat' dir='ltr'><strong>officiorum</strong></span> <span class='ocrx_word' id='word_1_55' title='bbox 2510 872 2659 938; x_wconf 88' lang='lat' dir='ltr'><strong>snb-</strong></span> 
     </span>
     <span class='ocr_line' id='line_1_8' title="bbox 296 978 2663 1065; baseline -0.002 -16"><span class='ocrx_word' id='word_1_56' title='bbox 296 984 473 1049; x_wconf 87' lang='lat' dir='ltr'><strong>tiliter</strong></span> <span class='ocrx_word' id='word_1_57' title='bbox 498 993 561 1049; x_wconf 89' lang='lat' dir='ltr'><strong>et</strong></span> <span class='ocrx_word' id='word_1_58' title='bbox 589 993 859 1049; x_wconf 87' lang='lat' dir='ltr'><strong>accurate</strong></span> <span class='ocrx_word' id='word_1_59' title='bbox 888 983 1289 1065; x_wconf 79' lang='lat' dir='ltr'><strong>disputantem</strong></span> <span class='ocrx_word' id='word_1_60' title='bbox 1320 981 1586 1047; x_wconf 73' lang='lat' dir='ltr'><strong>Platonis</strong></span> <span class='ocrx_word' id='word_1_61' title='bbox 1626 981 1803 1045; x_wconf 92' lang='lat' dir='ltr'><strong>nobis</strong></span> <span class='ocrx_word' id='word_1_62' title='bbox 1840 988 1902 1044; x_wconf 89' lang='lat' dir='ltr'><strong>et</strong></span> <span class='ocrx_word' id='word_1_63' title='bbox 1938 978 2355 1062; x_wconf 80' lang='lat' dir='ltr'><strong>Xenophontis</strong></span> <span class='ocrx_word' id='word_1_64' title='bbox 2390 978 2525 1044; x_wconf 83' lang='lat' dir='ltr'><strong>libri</strong></span> <span class='ocrx_word' id='word_1_65' title='bbox 2547 978 2663 1043; x_wconf 78' lang='lat' dir='ltr'><strong>&#39;re-</strong></span> 
     </span>
     <span class='ocr_line' id='line_1_9' title="bbox 302 1068 2670 1173; baseline -0.003 -19"><span class='ocrx_word' id='word_1_66' title='bbox 302 1096 705 1173; x_wconf 87' lang='lat' dir='ltr'><strong>praesentant,</strong></span> <span class='ocrx_word' id='word_1_67' title='bbox 735 1104 1093 1171; x_wconf 86' lang='lat' dir='ltr'><strong>quamquam</strong></span> <span class='ocrx_word' id='word_1_68' title='bbox 1124 1086 1448 1150; x_wconf 83' lang='lat' dir='ltr'><strong>admodum</strong></span> <span class='ocrx_word' id='word_1_69' title='bbox 1478 1086 1830 1169; x_wconf 85' lang='lat' dir='ltr'><strong>plerumque</strong></span> <span class='ocrx_word' id='word_1_70' title='bbox 1860 1082 2131 1148; x_wconf 81' lang='lat' dir='ltr'><strong>dissimili</strong></span> <span class='ocrx_word' id='word_1_71' title='bbox 2161 1083 2412 1161; x_wconf 87' lang='lat' dir='ltr'><strong>ratione,</strong></span> <span class='ocrx_word' id='word_1_72' title='bbox 2451 1083 2518 1148; x_wconf 89' lang='lat' dir='ltr'><strong>in</strong></span> <span class='ocrx_word' id='word_1_73' title='bbox 2546 1068 2670 1167; x_wconf 82' lang='lat' dir='ltr'><strong>qua</strong></span> 
     </span>
     <span class='ocr_line' id='line_1_10' title="bbox 302 1186 2696 1274; baseline -0.003 -16"><span class='ocrx_word' id='word_1_74' title='bbox 302 1191 781 1258; x_wconf 77' lang='lat' dir='ltr'><strong>dissimilitudine</strong></span> <span class='ocrx_word' id='word_1_75' title='bbox 810 1199 945 1255; x_wconf 85' lang='lat' dir='ltr'><strong>uter</strong></span> <span class='ocrx_word' id='word_1_76' title='bbox 971 1189 1206 1254; x_wconf 91' lang='lat' dir='ltr'><strong>illorum</strong></span> <span class='ocrx_word' id='word_1_77' title='bbox 1237 1192 1313 1256; x_wconf 86' lang='lat' dir='ltr'><strong>ad</strong></span> <span class='ocrx_word' id='word_1_78' title='bbox 1354 1188 1625 1274; x_wconf 78' lang='lat' dir='ltr'><strong>magistri</strong></span> <span class='ocrx_word' id='word_1_79' title='bbox 1667 1187 2020 1253; x_wconf 81' lang='lat' dir='ltr'><strong>sententiam</strong></span> <span class='ocrx_word' id='word_1_80' title='bbox 2059 1186 2313 1273; x_wconf 90' lang='lat' dir='ltr'><strong>propius</strong></span> <span class='ocrx_word' id='word_1_81' title='bbox 2346 1187 2696 1252; x_wconf 83' lang='lat' dir='ltr'><strong>accesserit.</strong></span> 
     </span>
    </p>

    <p class='ocr_par' dir='ltr' id='par_1_5' title="bbox 300 1280 2769 2737">
     <span class='ocr_line' id='line_1_11' title="bbox 300 1280 2769 1378; baseline -0.003 -16"><span class='ocrx_word' id='word_1_82' title='bbox 300 1298 397 1361; x_wconf 83' lang='lat' dir='ltr'><strong>vix</strong></span> <span class='ocrx_word' id='word_1_83' title='bbox 425 1296 572 1361; x_wconf 86' lang='lat' dir='ltr'><strong>satis</strong></span> <span class='ocrx_word' id='word_1_84' title='bbox 602 1304 765 1360; x_wconf 90' lang='lat' dir='ltr'><strong>certo</strong></span> <span class='ocrx_word' id='word_1_85' title='bbox 795 1295 1012 1378; x_wconf 86' lang='lat' dir='ltr'><strong>ubique</strong></span> <span class='ocrx_word' id='word_1_86' title='bbox 1041 1294 1312 1377; x_wconf 81' lang='lat' dir='ltr'><strong>dignosci</strong></span> <span class='ocrx_word' id='word_1_87' title='bbox 1354 1303 1559 1378; x_wconf 88' lang='lat' dir='ltr'><strong>potest</strong></span> <span class='ocrx_word' id='word_1_88' title='bbox 1575 1296 1657 1373; x_wconf 63' lang='grc' dir='ltr'><strong>ὅ).</strong></span> <span class='ocrx_word' id='word_1_89' title='bbox 1726 1292 1841 1357; x_wconf 86' lang='lat' dir='ltr'><strong>Sed</strong></span> <span class='ocrx_word' id='word_1_90' title='bbox 1871 1310 2060 1356; x_wconf 87' lang='lat' dir='ltr'><strong>unum</strong></span> <span class='ocrx_word' id='word_1_91' title='bbox 2092 1301 2184 1357; x_wconf 87' lang='lat' dir='ltr'><strong>est</strong></span> <span class='ocrx_word' id='word_1_92' title='bbox 2207 1293 2421 1356; x_wconf 86' lang='lat' dir='ltr'><strong>harum</strong></span> <span class='ocrx_word' id='word_1_93' title='bbox 2452 1280 2678 1375; x_wconf 59' lang='lat' dir='ltr'><strong>dispu·‘</strong></span> <span class='ocrx_word' id='word_1_94' title='bbox 2764 1360 2769 1365; x_wconf 58' lang='grc'><strong>,</strong></span> 
     </span>
     <span class='ocr_line' id='line_1_12' title="bbox 303 1394 2663 1483; baseline -0.003 -17"><span class='ocrx_word' id='word_1_95' title='bbox 303 1402 597 1467; x_wconf 86' lang='lat' dir='ltr'><strong>tationum</strong></span> <span class='ocrx_word' id='word_1_96' title='bbox 629 1419 850 1483; x_wconf 88' lang='lat' dir='ltr'><strong>genus,</strong></span> <span class='ocrx_word' id='word_1_97' title='bbox 889 1400 1052 1483; x_wconf 86' lang='lat' dir='ltr'><strong>quod</strong></span> <span class='ocrx_word' id='word_1_98' title='bbox 1094 1400 1250 1482; x_wconf 85' lang='lat' dir='ltr'><strong>apud</strong></span> <span class='ocrx_word' id='word_1_99' title='bbox 1282 1399 1593 1464; x_wconf 84' lang='lat' dir='ltr'><strong>Platonem</strong></span> <span class='ocrx_word' id='word_1_100' title='bbox 1627 1397 1818 1462; x_wconf 88' lang='lat' dir='ltr'><strong>obiter</strong></span> <span class='ocrx_word' id='word_1_101' title='bbox 1848 1398 2263 1462; x_wconf 85' lang='lat' dir='ltr'><strong>tantummodo</strong></span> <span class='ocrx_word' id='word_1_102' title='bbox 2302 1405 2361 1461; x_wconf 90' lang='lat' dir='ltr'><strong>et</strong></span> <span class='ocrx_word' id='word_1_103' title='bbox 2392 1394 2663 1480; x_wconf 83' lang='lat' dir='ltr'><strong>carptim,</strong></span> 
     </span>
     <span class='ocr_line' id='line_1_13' title="bbox 305 1500 2666 1589; baseline -0.004 -17"><span class='ocrx_word' id='word_1_104' title='bbox 305 1508 496 1572; x_wconf 90' lang='lat' dir='ltr'><strong>multo</strong></span> <span class='ocrx_word' id='word_1_105' title='bbox 526 1516 726 1571; x_wconf 89' lang='lat' dir='ltr'><strong>autem</strong></span> <span class='ocrx_word' id='word_1_106' title='bbox 759 1505 1068 1589; x_wconf 81' lang='lat' dir='ltr'><strong>copiosius</strong></span> <span class='ocrx_word' id='word_1_107' title='bbox 1098 1512 1158 1568; x_wconf 92' lang='lat' dir='ltr'><strong>et</strong></span> <span class='ocrx_word' id='word_1_108' title='bbox 1186 1505 1518 1568; x_wconf 84' lang='lat' dir='ltr'><strong>accuratius</strong></span> <span class='ocrx_word' id='word_1_109' title='bbox 1556 1503 1716 1586; x_wconf 90' lang='lat' dir='ltr'><strong>apud</strong></span> <span class='ocrx_word' id='word_1_110' title='bbox 1746 1502 2207 1586; x_wconf 82' lang='lat' dir='ltr'><strong>Xenophontem</strong></span> <span class='ocrx_word' id='word_1_111' title='bbox 2236 1508 2545 1578; x_wconf 57' lang='lat' dir='ltr'><strong>mactatur,</strong></span> <span class='ocrx_word' id='word_1_112' title='bbox 2588 1500 2666 1564; x_wconf 87' lang='lat' dir='ltr'><strong>de</strong></span> 
     </span>
     <span class='ocr_line' id='line_1_14' title="bbox 305 1604 2668 1692; baseline -0.003 -17"><span class='ocrx_word' id='word_1_113' title='bbox 305 1610 817 1675; x_wconf 85' lang='lat' dir='ltr'><strong>administratione</strong></span> <span class='ocrx_word' id='word_1_114' title='bbox 838 1608 1183 1685; x_wconf 82' lang='lat' dir='ltr'><strong>domestica,</strong></span> <span class='ocrx_word' id='word_1_115' title='bbox 1205 1616 1414 1692; x_wconf 88' lang='lat' dir='ltr'><strong>estque</strong></span> <span class='ocrx_word' id='word_1_116' title='bbox 1436 1607 1860 1691; x_wconf 86' lang='lat' dir='ltr'><strong>Xenophontis</strong></span> <span class='ocrx_word' id='word_1_117' title='bbox 1884 1608 1957 1672; x_wconf 90' lang='lat' dir='ltr'><strong>de</strong></span> <span class='ocrx_word' id='word_1_118' title='bbox 1989 1627 2058 1672; x_wconf 90' lang='lat' dir='ltr'><strong>ea</strong></span> <span class='ocrx_word' id='word_1_119' title='bbox 2079 1606 2327 1684; x_wconf 87' lang='lat' dir='ltr'><strong>libellus,</strong></span> <span class='ocrx_word' id='word_1_120' title='bbox 2347 1605 2448 1689; x_wconf 83' lang='lat' dir='ltr'><strong>qui</strong></span> <span class='ocrx_word' id='word_1_121' title='bbox 2468 1604 2668 1670; x_wconf 83' lang='lat' dir='ltr'><strong>Oeco-</strong></span> 
     </span>
     <span class='ocr_line' id='line_1_15' title="bbox 307 1709 2666 1796; baseline -0.003 -16"><span class='ocrx_word' id='word_1_122' title='bbox 307 1715 585 1780; x_wconf 88' lang='lat' dir='ltr'><strong>nomicus</strong></span> <span class='ocrx_word' id='word_1_123' title='bbox 615 1714 988 1789; x_wconf 85' lang='lat' dir='ltr'><strong>inscribitur,</strong></span> <span class='ocrx_word' id='word_1_124' title='bbox 1034 1732 1178 1778; x_wconf 89' lang='lat' dir='ltr'><strong>sane</strong></span> <span class='ocrx_word' id='word_1_125' title='bbox 1206 1712 1756 1795; x_wconf 81' lang='lat' dir='ltr'><strong>praestantissimus</strong></span> <span class='ocrx_word' id='word_1_126' title='bbox 1787 1720 1847 1776; x_wconf 84' lang='lat' dir='ltr'><strong>et</strong></span> <span class='ocrx_word' id='word_1_127' title='bbox 1877 1712 2141 1776; x_wconf 86' lang='lat' dir='ltr'><strong>Socratis</strong></span> <span class='ocrx_word' id='word_1_128' title='bbox 2171 1709 2490 1796; x_wconf 86' lang='lat' dir='ltr'><strong>sapientia,</strong></span> <span class='ocrx_word' id='word_1_129' title='bbox 2526 1728 2666 1773; x_wconf 87' lang='lat' dir='ltr'><strong>meo</strong></span> 
     </span>
     <span class='ocr_line' id='line_1_16' title="bbox 307 1815 2668 1903; baseline -0.002 -20"><span class='ocrx_word' id='word_1_130' title='bbox 307 1819 549 1903; x_wconf 88' lang='lat' dir='ltr'><strong>quidem</strong></span> <span class='ocrx_word' id='word_1_131' title='bbox 590 1818 837 1896; x_wconf 90' lang='lat' dir='ltr'><strong>iudicio,</strong></span> <span class='ocrx_word' id='word_1_132' title='bbox 869 1819 1170 1902; x_wconf 85' lang='lat' dir='ltr'><strong>aliquanto</strong></span> <span class='ocrx_word' id='word_1_133' title='bbox 1211 1817 1473 1900; x_wconf 82' lang='lat' dir='ltr'><strong>dignior,</strong></span> <span class='ocrx_word' id='word_1_134' title='bbox 1522 1836 1700 1901; x_wconf 87' lang='lat' dir='ltr'><strong>quam</strong></span> <span class='ocrx_word' id='word_1_135' title='bbox 1746 1815 2009 1900; x_wconf 85' lang='lat' dir='ltr'><strong>plerique</strong></span> <span class='ocrx_word' id='word_1_136' title='bbox 2046 1834 2254 1880; x_wconf 91' lang='lat' dir='ltr'><strong>eorum</strong></span> <span class='ocrx_word' id='word_1_137' title='bbox 2296 1831 2668 1889; x_wconf 85' lang='lat' dir='ltr'><strong>sermonum,</strong></span> 
     </span>
     <span class='ocr_line' id='line_1_17' title="bbox 310 1917 2669 2007; baseline -0.003 -19"><span class='ocrx_word' id='word_1_138' title='bbox 310 1923 415 2007; x_wconf 84' lang='lat' dir='ltr'><strong>qui</strong></span> <span class='ocrx_word' id='word_1_139' title='bbox 470 1925 531 1988; x_wconf 91' lang='lat' dir='ltr'><strong>in</strong></span> <span class='ocrx_word' id='word_1_140' title='bbox 576 1923 1047 1988; x_wconf 78' lang='lat' dir='ltr'><strong>Memorabilium</strong></span> <span class='ocrx_word' id='word_1_141' title='bbox 1092 1923 1255 1987; x_wconf 88' lang='lat' dir='ltr'><strong>libris</strong></span> <span class='ocrx_word' id='word_1_142' title='bbox 1300 1923 1655 1987; x_wconf 73' lang='lat' dir='ltr'><strong>referuntur.</strong></span> <span class='ocrx_word' id='word_1_143' title='bbox 1736 1920 1886 1985; x_wconf 88' lang='lat' dir='ltr'><strong>Post</strong></span> <span class='ocrx_word' id='word_1_144' title='bbox 1923 1919 2384 2004; x_wconf 85' lang='lat' dir='ltr'><strong>Xenophontem</strong></span> <span class='ocrx_word' id='word_1_145' title='bbox 2434 1917 2669 2002; x_wconf 89' lang='lat' dir='ltr'><strong>primus</strong></span> 
     </span>
     <span class='ocr_line' id='line_1_18' title="bbox 309 2024 2671 2111; baseline -0.003 -20"><span class='ocrx_word' id='word_1_146' title='bbox 309 2028 658 2093; x_wconf 87' lang='lat' dir='ltr'><strong>Aristoteles</strong></span> <span class='ocrx_word' id='word_1_147' title='bbox 680 2030 738 2107; x_wconf 72' lang='grc'><strong>7)</strong></span> <span class='ocrx_word' id='word_1_148' title='bbox 780 2028 977 2111; x_wconf 87' lang='lat' dir='ltr'><strong>paullo</strong></span> <span class='ocrx_word' id='word_1_149' title='bbox 1021 2027 1350 2092; x_wconf 83' lang='lat' dir='ltr'><strong>accuratius</strong></span> <span class='ocrx_word' id='word_1_150' title='bbox 1381 2027 1539 2090; x_wconf 90' lang='lat' dir='ltr'><strong>hanc</strong></span> <span class='ocrx_word' id='word_1_151' title='bbox 1569 2025 1815 2090; x_wconf 87' lang='lat' dir='ltr'><strong>moralis</strong></span> <span class='ocrx_word' id='word_1_152' title='bbox 1846 2024 2260 2107; x_wconf 84' lang='lat' dir='ltr'><strong>philosophiae</strong></span> <span class='ocrx_word' id='word_1_153' title='bbox 2289 2030 2518 2106; x_wconf 88' lang='lat' dir='ltr'><strong>partem</strong></span> <span class='ocrx_word' id='word_1_154' title='bbox 2548 2030 2671 2085; x_wconf 86' lang='lat' dir='ltr'><strong>tra·</strong></span> 
     </span>
     <span class='ocr_line' id='line_1_19' title="bbox 310 2126 2672 2215; baseline -0.004 -17"><span class='ocrx_word' id='word_1_155' title='bbox 310 2143 528 2210; x_wconf 89' lang='lat' dir='ltr'><strong>ctasse,</strong></span> <span class='ocrx_word' id='word_1_156' title='bbox 555 2140 617 2196; x_wconf 90' lang='lat' dir='ltr'><strong>et</strong></span> <span class='ocrx_word' id='word_1_157' title='bbox 646 2151 798 2215; x_wconf 90' lang='lat' dir='ltr'><strong>quae</strong></span> <span class='ocrx_word' id='word_1_158' title='bbox 827 2132 903 2196; x_wconf 87' lang='lat' dir='ltr'><strong>ab</strong></span> <span class='ocrx_word' id='word_1_159' title='bbox 933 2132 1030 2196; x_wconf 91' lang='lat' dir='ltr'><strong>illo</strong></span> <span class='ocrx_word' id='word_1_160' title='bbox 1064 2133 1256 2196; x_wconf 78' lang='lat' dir='ltr'><strong>rusius</strong></span> <span class='ocrx_word' id='word_1_161' title='bbox 1285 2151 1356 2197; x_wconf 87' lang='lat' dir='ltr'><strong>ac</strong></span> <span class='ocrx_word' id='word_1_162' title='bbox 1384 2130 1627 2195; x_wconf 89' lang='lat' dir='ltr'><strong>liberius</strong></span> <span class='ocrx_word' id='word_1_163' title='bbox 1657 2129 1956 2212; x_wconf 82' lang='lat' dir='ltr'><strong>disputata</strong></span> <span class='ocrx_word' id='word_1_164' title='bbox 1978 2135 2165 2205; x_wconf 88' lang='lat' dir='ltr'><strong>erant,</strong></span> <span class='ocrx_word' id='word_1_165' title='bbox 2196 2126 2505 2193; x_wconf 84' lang='lat' dir='ltr'><strong>subtiliore</strong></span> <span class='ocrx_word' id='word_1_166' title='bbox 2517 2144 2672 2209; x_wconf 82' lang='lat' dir='ltr'><strong>qua-</strong></span> 
     </span>
     <span class='ocr_line' id='line_1_20' title="bbox 311 2230 2676 2310; baseline -0.004 -9"><span class='ocrx_word' id='word_1_167' title='bbox 311 2237 450 2303; x_wconf 89' lang='lat' dir='ltr'><strong>dam</strong></span> <span class='ocrx_word' id='word_1_168' title='bbox 481 2246 540 2301; x_wconf 90' lang='lat' dir='ltr'><strong>et</strong></span> <span class='ocrx_word' id='word_1_169' title='bbox 568 2236 850 2301; x_wconf 86' lang='lat' dir='ltr'><strong>severiori</strong></span> <span class='ocrx_word' id='word_1_170' title='bbox 891 2236 1221 2301; x_wconf 88' lang='lat' dir='ltr'><strong>disserendi</strong></span> <span class='ocrx_word' id='word_1_171' title='bbox 1259 2234 1494 2300; x_wconf 87' lang='lat' dir='ltr'><strong>ratione</strong></span> <span class='ocrx_word' id='word_1_172' title='bbox 1531 2254 1709 2310; x_wconf 76' lang='lat' dir='ltr'><strong>usne,</strong></span> <span class='ocrx_word' id='word_1_173' title='bbox 1750 2233 1823 2298; x_wconf 90' lang='lat' dir='ltr'><strong>ad</strong></span> <span class='ocrx_word' id='word_1_174' title='bbox 1863 2235 2051 2298; x_wconf 80' lang='lat' dir='ltr'><strong>iustae</strong></span> <span class='ocrx_word' id='word_1_175' title='bbox 2078 2232 2223 2309; x_wconf 79' lang='lat' dir='ltr'><strong>artis</strong></span> <span class='ocrx_word' id='word_1_176' title='bbox 2259 2230 2574 2296; x_wconf 76' lang='lat' dir='ltr'><strong>formulam</strong></span> <span class='ocrx_word' id='word_1_177' title='bbox 2604 2238 2676 2292; x_wconf 77' lang='lat' dir='ltr'><strong>et</strong></span> 
     </span>
     <span class='ocr_line' id='line_1_21' title="bbox 314 2332 2672 2425; baseline -0.004 -18"><span class='ocrx_word' id='word_1_178' title='bbox 314 2340 779 2425; x_wconf 87' lang='lat' dir='ltr'><strong>descriptionem</strong></span> <span class='ocrx_word' id='word_1_179' title='bbox 806 2360 1119 2406; x_wconf 86' lang='lat' dir='ltr'><strong>revocasse</strong></span> <span class='ocrx_word' id='word_1_180' title='bbox 1151 2342 1408 2405; x_wconf 84' lang='lat' dir='ltr'><strong>videtur:</strong></span> <span class='ocrx_word' id='word_1_181' title='bbox 1449 2339 1555 2403; x_wconf 86' lang='lat' dir='ltr'><strong>sed</strong></span> <span class='ocrx_word' id='word_1_182' title='bbox 1586 2339 1659 2403; x_wconf 88' lang='lat' dir='ltr'><strong>de</strong></span> <span class='ocrx_word' id='word_1_183' title='bbox 1699 2336 1963 2414; x_wconf 88' lang='lat' dir='ltr'><strong>duobus,</strong></span> <span class='ocrx_word' id='word_1_184' title='bbox 2001 2337 2102 2420; x_wconf 79' lang='lat' dir='ltr'><strong>qui</strong></span> <span class='ocrx_word' id='word_1_185' title='bbox 2131 2336 2311 2400; x_wconf 86' lang='lat' dir='ltr'><strong>hodie</strong></span> <span class='ocrx_word' id='word_1_186' title='bbox 2336 2332 2672 2399; x_wconf 85' lang='lat' dir='ltr'><strong>Aristotelis</strong></span> 
     </span>
     <span class='ocr_line' id='line_1_22' title="bbox 312 2436 2675 2529; baseline -0.004 -18"><span class='ocrx_word' id='word_1_187' title='bbox 312 2464 541 2511; x_wconf 89' lang='lat' dir='ltr'><strong>nomen</strong></span> <span class='ocrx_word' id='word_1_188' title='bbox 570 2446 941 2529; x_wconf 76' lang='lat' dir='ltr'><strong>praeferunt,</strong></span> <span class='ocrx_word' id='word_1_189' title='bbox 975 2445 1384 2510; x_wconf 87' lang='lat' dir='ltr'><strong>oeconomicis</strong></span> <span class='ocrx_word' id='word_1_190' title='bbox 1414 2444 1624 2508; x_wconf 89' lang='lat' dir='ltr'><strong>libellis</strong></span> <span class='ocrx_word' id='word_1_191' title='bbox 1654 2444 1905 2508; x_wconf 83' lang='lat' dir='ltr'><strong>alterum</strong></span> <span class='ocrx_word' id='word_1_192' title='bbox 1936 2441 2319 2507; x_wconf 89' lang='lat' dir='ltr'><strong>subditicium</strong></span> <span class='ocrx_word' id='word_1_193' title='bbox 2348 2448 2408 2504; x_wconf 89' lang='lat' dir='ltr'><strong>et</strong></span> <span class='ocrx_word' id='word_1_194' title='bbox 2428 2439 2502 2504; x_wconf 86' lang='lat' dir='ltr'><strong>ab</strong></span> <span class='ocrx_word' id='word_1_195' title='bbox 2520 2436 2675 2503; x_wconf 88' lang='lat' dir='ltr'><strong>illius</strong></span> 
     </span>
     <span class='ocr_line' id='line_1_23' title="bbox 315 2544 2680 2633; baseline -0.003 -20"><span class='ocrx_word' id='word_1_196' title='bbox 315 2549 558 2632; x_wconf 89' lang='lat' dir='ltr'><strong>ingenio</strong></span> <span class='ocrx_word' id='word_1_197' title='bbox 589 2568 714 2614; x_wconf 92' lang='lat' dir='ltr'><strong>non</strong></span> <span class='ocrx_word' id='word_1_198' title='bbox 745 2550 946 2614; x_wconf 91' lang='lat' dir='ltr'><strong>minus</strong></span> <span class='ocrx_word' id='word_1_199' title='bbox 978 2570 1158 2633; x_wconf 88' lang='lat' dir='ltr'><strong>quam</strong></span> <span class='ocrx_word' id='word_1_200' title='bbox 1188 2558 1375 2633; x_wconf 79' lang='lat' dir='ltr'><strong>aetate</strong></span> <span class='ocrx_word' id='word_1_201' title='bbox 1405 2549 1660 2614; x_wconf 89' lang='lat' dir='ltr'><strong>alienum</strong></span> <span class='ocrx_word' id='word_1_202' title='bbox 1693 2569 1829 2614; x_wconf 89' lang='lat' dir='ltr'><strong>esse</strong></span> <span class='ocrx_word' id='word_1_203' title='bbox 1859 2566 2022 2613; x_wconf 88' lang='lat' dir='ltr'><strong>nunc</strong></span> <span class='ocrx_word' id='word_1_204' title='bbox 2060 2547 2298 2631; x_wconf 84' lang='lat' dir='ltr'><strong>quidem</strong></span> <span class='ocrx_word' id='word_1_205' title='bbox 2339 2544 2484 2609; x_wconf 87' lang='lat' dir='ltr'><strong>satis</strong></span> <span class='ocrx_word' id='word_1_206' title='bbox 2521 2544 2680 2607; x_wconf 88' lang='lat' dir='ltr'><strong>inter</strong></span> 
     </span>
     <span class='ocr_line' id='line_1_24' title="bbox 314 2646 2677 2737; baseline -0.003 -19"><span class='ocrx_word' id='word_1_207' title='bbox 314 2672 530 2718; x_wconf 89' lang='lat' dir='ltr'><strong>omnes</strong></span> <span class='ocrx_word' id='word_1_208' title='bbox 564 2663 798 2718; x_wconf 87' lang='lat' dir='ltr'><strong>constat</strong></span> <span class='ocrx_word' id='word_1_209' title='bbox 818 2659 907 2733; x_wconf 78' lang='lat'><strong>⁸);</strong></span> <span class='ocrx_word' id='word_1_210' title='bbox 958 2654 1103 2718; x_wconf 85' lang='lat' dir='ltr'><strong>alter</strong></span> <span class='ocrx_word' id='word_1_211' title='bbox 1141 2663 1342 2719; x_wconf 84' lang='lat' dir='ltr'><strong>utrum</strong></span> <span class='ocrx_word' id='word_1_212' title='bbox 1383 2654 1631 2737; x_wconf 88' lang='lat' dir='ltr'><strong>ah·ipso</strong></span> <span class='ocrx_word' id='word_1_213' title='bbox 1663 2651 1975 2718; x_wconf 80' lang='lat' dir='ltr'><strong>Aristotele</strong></span> <span class='ocrx_word' id='word_1_214' title='bbox 2011 2671 2087 2715; x_wconf 88' lang='lat' dir='ltr'><strong>an</strong></span> <span class='ocrx_word' id='word_1_215' title='bbox 2128 2650 2202 2714; x_wconf 90' lang='lat' dir='ltr'><strong>ab</strong></span> <span class='ocrx_word' id='word_1_216' title='bbox 2241 2649 2369 2714; x_wconf 91' lang='lat' dir='ltr'><strong>eius</strong></span> <span class='ocrx_word' id='word_1_217' title='bbox 2407 2646 2677 2713; x_wconf 77' lang='lat' dir='ltr'><strong>auditore</strong></span> 
     </span>
    </p>
   </div>
   <div class='ocr_carea' id='block_1_4' title="bbox 318 2945 2684 3714">
    <p class='ocr_par' dir='ltr' id='par_1_6' title="bbox 318 2945 2683 3367">
     <span class='ocr_line' id='line_1_25' title="bbox 323 2945 2681 3023; baseline -0.004 -16"><span class='ocrx_word' id='word_1_218' title='bbox 323 2969 455 3023; x_wconf 83' lang='lat' dir='ltr'><strong>quos</strong></span> <span class='ocrx_word' id='word_1_219' title='bbox 479 2953 749 3006; x_wconf 69' lang='lat' dir='ltr'><strong>citavimus</strong></span> <span class='ocrx_word' id='word_1_220' title='bbox 776 2953 824 3003; x_wconf 88' lang='lat' dir='ltr'><strong>iu</strong></span> <span class='ocrx_word' id='word_1_221' title='bbox 852 2951 1124 3019; x_wconf 85' lang='lat' dir='ltr'><strong>Antiquitt.</strong></span> <span class='ocrx_word' id='word_1_222' title='bbox 1150 2951 1182 3002; x_wconf 89' lang='lat' dir='ltr'><strong>i.</strong></span> <span class='ocrx_word' id='word_1_223' title='bbox 1207 2966 1256 3020; x_wconf 91' lang='lat' dir='ltr'><strong>p.</strong></span> <span class='ocrx_word' id='word_1_224' title='bbox 1285 2950 1375 3004; x_wconf 87' lang='lat' dir='ltr'><strong>Gr.</strong></span> <span class='ocrx_word' id='word_1_225' title='bbox 1400 2968 1447 3020; x_wconf 88' lang='lat' dir='ltr'><strong>p.</strong></span> <span class='ocrx_word' id='word_1_226' title='bbox 1467 2952 1553 3016; x_wconf 83' lang='grc'><strong>92,</strong></span> <span class='ocrx_word' id='word_1_227' title='bbox 1579 2950 1609 3002; x_wconf 80' lang='lat'>4</span> <span class='ocrx_word' id='word_1_228' title='bbox 1635 2950 1699 3002; x_wconf 82' lang='lat' dir='ltr'><strong>el&#39;.</strong></span> <span class='ocrx_word' id='word_1_229' title='bbox 1728 2949 1787 3002; x_wconf 78' lang='lat' dir='ltr'><strong>H.</strong></span> <span class='ocrx_word' id='word_1_230' title='bbox 1810 2948 1993 3017; x_wconf 82' lang='lat' dir='ltr'><strong>Ritter,</strong></span> <span class='ocrx_word' id='word_1_231' title='bbox 2022 2947 2319 3002; x_wconf 71' lang='lat' dir='ltr'><strong>Gescks&#39;clste</strong></span> <span class='ocrx_word' id='word_1_232' title='bbox 2336 2945 2681 3016; x_wconf 65' lang='lat' dir='ltr'><strong>derPytlsqg.</strong></span> 
     </span>
     <span class='ocr_line' id='line_1_26' title="bbox 318 3026 2683 3110; baseline -0.004 -17"><span class='ocrx_word' id='word_1_233' title='bbox 318 3040 658 3110; x_wconf 69' lang='lat' dir='ltr'><strong>Philosophia</strong></span> <span class='ocrx_word' id='word_1_234' title='bbox 679 3055 727 3107; x_wconf 89' lang='lat' dir='ltr'><strong>p.</strong></span> <span class='ocrx_word' id='word_1_235' title='bbox 755 3037 821 3089; x_wconf 79' lang='lat'><strong>38</strong></span> <span class='ocrx_word' id='word_1_236' title='bbox 848 3053 957 3106; x_wconf 80' lang='lat' dir='ltr'><strong>sqq.</strong></span> <span class='ocrx_word' id='word_1_237' title='bbox 983 3044 1038 3090; x_wconf 86' lang='lat' dir='ltr'><strong>et</strong></span> <span class='ocrx_word' id='word_1_238' title='bbox 1061 3054 1111 3105; x_wconf 89' lang='lat' dir='ltr'><strong>p.</strong></span> <span class='ocrx_word' id='word_1_239' title='bbox 1132 3037 1216 3089; x_wconf 81' lang='grc'><strong>52.</strong></span> <span class='ocrx_word' id='word_1_240' title='bbox 1267 3036 1434 3106; x_wconf 84' lang='lat' dir='ltr'><strong>lpsum</strong></span> <span class='ocrx_word' id='word_1_241' title='bbox 1451 3037 1793 3107; x_wconf 72' lang='lat' dir='ltr'><strong>Pythagoram</strong></span> <span class='ocrx_word' id='word_1_242' title='bbox 1812 3035 2120 3087; x_wconf 68' lang='lat' dir='ltr'><strong>lamblichus</strong></span> <span class='ocrx_word' id='word_1_243' title='bbox 2143 3049 2253 3102; x_wconf 80' lang='lat' dir='ltr'><strong>esp.</strong></span> <span class='ocrx_word' id='word_1_244' title='bbox 2272 3031 2340 3085; x_wconf 81' lang='lat'><strong>30</strong></span> <span class='ocrx_word' id='word_1_245' title='bbox 2364 3033 2489 3084; x_wconf 80' lang='lat' dir='ltr'><strong>dicit</strong></span> <span class='ocrx_word' id='word_1_246' title='bbox 2511 3026 2683 3084; x_wconf 75' lang='grc' dir='ltr'><strong><em>οὐδὲν</em></strong></span> 
     </span>
     <span class='ocr_line' id='line_1_27' title="bbox 319 3112 2674 3196; baseline -0.005 -17"><span class='ocrx_word' id='word_1_247' title='bbox 319 3112 506 3193; x_wconf 77' lang='grc' dir='ltr'><strong><em>ἧσσον</em></strong></span> <span class='ocrx_word' id='word_1_248' title='bbox 527 3125 945 3195; x_wconf 75' lang='grc' dir='ltr'><strong><em>θαυμασθῆναι</em></strong></span> <span class='ocrx_word' id='word_1_249' title='bbox 971 3120 1071 3180; x_wconf 78' lang='grc' dir='ltr'><strong>διὰ</strong></span> <span class='ocrx_word' id='word_1_250' title='bbox 1095 3118 1195 3190; x_wconf 78' lang='grc' dir='ltr'><strong>τὴν</strong></span> <span class='ocrx_word' id='word_1_251' title='bbox 1218 3126 1562 3196; x_wconf 67' lang='grc' dir='ltr'><strong><em>οἰκονομίαι</em></strong></span> <span class='ocrx_word' id='word_1_252' title='bbox 1592 3118 1638 3189; x_wconf 72' lang='grc' dir='ltr'>ἢ</span> <span class='ocrx_word' id='word_1_253' title='bbox 1661 3118 1764 3188; x_wconf 80' lang='grc' dir='ltr'><strong>τὴν</strong></span> <span class='ocrx_word' id='word_1_254' title='bbox 1787 3121 2163 3192; x_wconf 70' lang='grc' dir='ltr'><strong><em>φιλοσοφίαν,</em></strong></span> <span class='ocrx_word' id='word_1_255' title='bbox 2205 3120 2435 3188; x_wconf 80' lang='lat' dir='ltr'><strong>idemque</strong></span> <span class='ocrx_word' id='word_1_256' title='bbox 2477 3134 2588 3187; x_wconf 78' lang='lat' dir='ltr'><strong>esp.</strong></span> <span class='ocrx_word' id='word_1_257' title='bbox 2617 3118 2674 3169; x_wconf 83' lang='grc'><strong>17</strong></span> 
     </span>
     <span class='ocr_line' id='line_1_28' title="bbox 319 3202 2681 3300; baseline -0.004 -35"><span class='ocrx_word' id='word_1_258' title='bbox 319 3213 375 3265; x_wconf 86' lang='lat' dir='ltr'><strong>in</strong></span> <span class='ocrx_word' id='word_1_259' title='bbox 399 3210 648 3264; x_wconf 75' lang='lat' dir='ltr'><strong>elassibus</strong></span> <span class='ocrx_word' id='word_1_260' title='bbox 672 3209 1036 3280; x_wconf 82' lang='lat' dir='ltr'><strong>discipulorum</strong></span> <span class='ocrx_word' id='word_1_261' title='bbox 1062 3211 1216 3262; x_wconf 79' lang='lat' dir='ltr'><strong>etiam</strong></span> <span class='ocrx_word' id='word_1_262' title='bbox 1243 3206 1569 3268; x_wconf 75' lang='grc' dir='ltr'><strong><em>πολιτικοὺς</em></strong></span> <span class='ocrx_word' id='word_1_263' title='bbox 1603 3215 1659 3262; x_wconf 84' lang='lat' dir='ltr'><strong>et</strong></span> <span class='ocrx_word' id='word_1_264' title='bbox 1684 3202 2087 3280; x_wconf 71' lang='grc' dir='ltr'><strong><em>οἰκονομικούς</em></strong></span> <span class='ocrx_word' id='word_1_265' title='bbox 2120 3206 2282 3259; x_wconf 80' lang='lat' dir='ltr'><strong>fuisse</strong></span> <span class='ocrx_word' id='word_1_266' title='bbox 2304 3205 2555 3300; x_wconf 79' lang='lat' dir='ltr'><strong>perhibet.</strong></span> <span class='ocrx_word' id='word_1_267' title='bbox 2603 3203 2681 3256; x_wconf 84' lang='lat' dir='ltr'><strong>De</strong></span> 
     </span>
     <span class='ocr_line' id='line_1_29' title="bbox 319 3292 2024 3370; baseline -0.003 -19"><span class='ocrx_word' id='word_1_268' title='bbox 319 3298 665 3351; x_wconf 76' lang='lat' dir='ltr'><strong>recentiorum</strong></span> <span class='ocrx_word' id='word_1_269' title='bbox 691 3295 766 3367; x_wconf 55' lang='lat' dir='ltr'><strong>P,</strong></span> <span class='ocrx_word' id='word_1_270' title='bbox 769 3297 1130 3370; x_wconf 79' lang='lat' dir='ltr'><strong>thagoreorum</strong></span> <span class='ocrx_word' id='word_1_271' title='bbox 1154 3295 1362 3364; x_wconf 87' lang='lat' dir='ltr'><strong>scriptis</strong></span> <span class='ocrx_word' id='word_1_272' title='bbox 1387 3295 1726 3348; x_wconf 85' lang='lat' dir='ltr'><strong>oeconomieis</strong></span> <span class='ocrx_word' id='word_1_273' title='bbox 1749 3292 1816 3347; x_wconf 70' lang='lat' dir='ltr'><strong>cf.</strong></span> <span class='ocrx_word' id='word_1_274' title='bbox 1843 3301 1950 3346; x_wconf 88' lang='lat' dir='ltr'><strong>not.</strong></span> <span class='ocrx_word' id='word_1_275' title='bbox 1974 3294 2024 3346; x_wconf 98' lang='grc'><strong>9.</strong></span> 
     </span>
    </p>

    <p class='ocr_par' dir='ltr' id='par_1_7' title="bbox 320 3378 2684 3714">
     <span class='ocr_line' id='line_1_30' title="bbox 463 3378 2683 3452; baseline -0.002 -16"><span class='ocrx_word' id='word_1_276' title='bbox 463 3385 513 3448; x_wconf 86' lang='grc'><strong>5)</strong></span> <span class='ocrx_word' id='word_1_277' title='bbox 554 3383 831 3452; x_wconf 82' lang='lat' dir='ltr'><strong>Utrumque</strong></span> <span class='ocrx_word' id='word_1_278' title='bbox 855 3382 1053 3435; x_wconf 82' lang='lat' dir='ltr'><strong>Eleatis</strong></span> <span class='ocrx_word' id='word_1_279' title='bbox 1091 3382 1234 3448; x_wconf 82' lang='lat' dir='ltr'><strong>leges</strong></span> <span class='ocrx_word' id='word_1_280' title='bbox 1269 3384 1536 3451; x_wconf 83' lang='lat' dir='ltr'><strong>scripsisse</strong></span> <span class='ocrx_word' id='word_1_281' title='bbox 1573 3389 1857 3434; x_wconf 82' lang='lat' dir='ltr'><strong>memorant</strong></span> <span class='ocrx_word' id='word_1_282' title='bbox 1888 3380 2059 3433; x_wconf 82' lang='lat' dir='ltr'><strong>Strsb.</strong></span> <span class='ocrx_word' id='word_1_283' title='bbox 2085 3379 2156 3433; x_wconf 85' lang='lat' dir='ltr'><strong>VI</strong></span> <span class='ocrx_word' id='word_1_284' title='bbox 2179 3396 2231 3449; x_wconf 88' lang='lat' dir='ltr'><strong>p.</strong></span> <span class='ocrx_word' id='word_1_285' title='bbox 2255 3378 2375 3432; x_wconf 83' lang='grc'><strong>252.</strong></span> <span class='ocrx_word' id='word_1_286' title='bbox 2422 3378 2683 3432; x_wconf 70' lang='lat' dir='ltr'><strong>Plutarch.</strong></span> 
     </span>
     <span class='ocr_line' id='line_1_31' title="bbox 320 3465 2683 3537; baseline -0.003 -13"><span class='ocrx_word' id='word_1_287' title='bbox 320 3470 421 3524; x_wconf 66' lang='lat' dir='ltr'><strong>etr.</strong></span> <span class='ocrx_word' id='word_1_288' title='bbox 448 3470 614 3524; x_wconf 84' lang='lat' dir='ltr'><strong>Colot.</strong></span> <span class='ocrx_word' id='word_1_289' title='bbox 641 3486 685 3523; x_wconf 84' lang='lat' dir='ltr'><strong>e.</strong></span> <span class='ocrx_word' id='word_1_290' title='bbox 713 3468 779 3521; x_wconf 85' lang='grc'><strong>32</strong></span> <span class='ocrx_word' id='word_1_291' title='bbox 805 3476 860 3522; x_wconf 89' lang='lat' dir='ltr'><strong>et</strong></span> <span class='ocrx_word' id='word_1_292' title='bbox 884 3468 1028 3535; x_wconf 79' lang='lat' dir='ltr'><strong>Diog.</strong></span> <span class='ocrx_word' id='word_1_293' title='bbox 1047 3467 1222 3521; x_wconf 76' lang='lat' dir='ltr'><strong>Laert.</strong></span> <span class='ocrx_word' id='word_1_294' title='bbox 1241 3467 1335 3534; x_wconf 77' lang='lat' dir='ltr'><strong>lx,</strong></span> <span class='ocrx_word' id='word_1_295' title='bbox 1354 3468 1421 3522; x_wconf 83' lang='grc'><strong>23</strong></span> <span class='ocrx_word' id='word_1_296' title='bbox 1449 3471 1590 3531; x_wconf 89' lang='lat' dir='ltr'><strong>(tom.</strong></span> <span class='ocrx_word' id='word_1_297' title='bbox 1614 3467 1659 3522; x_wconf 86' lang='lat' dir='ltr'><strong>n</strong></span> <span class='ocrx_word' id='word_1_298' title='bbox 1678 3483 1727 3537; x_wconf 87' lang='lat' dir='ltr'><strong>p.</strong></span> <span class='ocrx_word' id='word_1_299' title='bbox 1749 3466 1867 3532; x_wconf 82' lang='lat'>348)</span> <span class='ocrx_word' id='word_1_300' title='bbox 1896 3484 1925 3519; x_wconf 91' lang='lat' dir='ltr'><strong>e</strong></span> <span class='ocrx_word' id='word_1_301' title='bbox 1950 3467 2250 3536; x_wconf 84' lang='lat' dir='ltr'><strong>Speusippo.</strong></span> <span class='ocrx_word' id='word_1_302' title='bbox 2272 3493 2347 3505; x_wconf 95' lang='lat'>—</span> <span class='ocrx_word' id='word_1_303' title='bbox 2369 3465 2413 3519; x_wconf 83' lang='grc' dir='ltr'>Ε</span> <span class='ocrx_word' id='word_1_304' title='bbox 2439 3465 2683 3535; x_wconf 84' lang='lat' dir='ltr'><strong>sophistis</strong></span> 
     </span>
     <span class='ocr_line' id='line_1_32' title="bbox 320 3551 2682 3627; baseline -0.002 -18"><span class='ocrx_word' id='word_1_305' title='bbox 320 3556 597 3627; x_wconf 79' lang='lat' dir='ltr'><strong>praecipue</strong></span> <span class='ocrx_word' id='word_1_306' title='bbox 621 3553 933 3622; x_wconf 78' lang='lat' dir='ltr'><strong>Protagoras</strong></span> <span class='ocrx_word' id='word_1_307' title='bbox 956 3556 1421 3608; x_wconf 78' lang='lat' dir='ltr'><strong>commemorandus</strong></span> <span class='ocrx_word' id='word_1_308' title='bbox 1447 3562 1541 3623; x_wconf 81' lang='lat' dir='ltr'><strong>est,</strong></span> <span class='ocrx_word' id='word_1_309' title='bbox 1579 3555 1726 3625; x_wconf 85' lang='lat' dir='ltr'><strong>quein</strong></span> <span class='ocrx_word' id='word_1_310' title='bbox 1750 3553 1897 3607; x_wconf 83' lang='lat' dir='ltr'><strong>Pisto</strong></span> <span class='ocrx_word' id='word_1_311' title='bbox 1923 3553 2130 3621; x_wconf 79' lang='lat' dir='ltr'><strong>Protag.</strong></span> <span class='ocrx_word' id='word_1_312' title='bbox 2155 3570 2204 3624; x_wconf 92' lang='lat' dir='ltr'><strong>p.</strong></span> <span class='ocrx_word' id='word_1_313' title='bbox 2229 3552 2334 3606; x_wconf 84' lang='grc'><strong>319</strong></span> <span class='ocrx_word' id='word_1_314' title='bbox 2359 3553 2421 3606; x_wconf 86' lang='lat' dir='ltr'><strong>A.</strong></span> <span class='ocrx_word' id='word_1_315' title='bbox 2446 3551 2682 3606; x_wconf 79' lang='lat' dir='ltr'><strong>docuisse</strong></span> 
     </span>
     <span class='ocr_line' id='line_1_33' title="bbox 321 3633 2684 3714; baseline -0.003 -16"><span class='ocrx_word' id='word_1_316' title='bbox 321 3648 553 3698; x_wconf 72' lang='lat' dir='ltr'><strong>testami-</strong></span> <span class='ocrx_word' id='word_1_317' title='bbox 575 3634 869 3709; x_wconf 72' lang='grc' dir='ltr'><strong><em>ευβουλίαν</em></strong></span> <span class='ocrx_word' id='word_1_318' title='bbox 890 3645 1030 3714; x_wconf 71' lang='grc' dir='ltr'><strong>περί</strong></span> <span class='ocrx_word' id='word_1_319' title='bbox 1050 3657 1108 3695; x_wconf 76' lang='grc' dir='ltr'><strong>τε</strong></span> <span class='ocrx_word' id='word_1_320' title='bbox 1133 3642 1244 3695; x_wconf 76' lang='grc' dir='ltr'><strong>τῶν</strong></span> <span class='ocrx_word' id='word_1_321' title='bbox 1267 3642 1518 3705; x_wconf 70' lang='grc' dir='ltr'><strong><em>οἰκείων,</em></strong></span> <span class='ocrx_word' id='word_1_322' title='bbox 1553 3635 1711 3701; x_wconf 81' lang='grc' dir='ltr'><strong><em>ὅπως</em></strong></span> <span class='ocrx_word' id='word_1_323' title='bbox 1733 3657 1811 3696; x_wconf 82' lang='grc' dir='ltr'><strong>αν</strong></span> <span class='ocrx_word' id='word_1_324' title='bbox 1830 3659 1916 3700; x_wconf 78' lang='grc' dir='ltr'><strong>τις</strong></span> <span class='ocrx_word' id='word_1_325' title='bbox 1938 3636 2148 3712; x_wconf 71' lang='grc' dir='ltr'><strong><em>ἄριστα</em></strong></span> <span class='ocrx_word' id='word_1_326' title='bbox 2172 3633 2271 3707; x_wconf 75' lang='grc' dir='ltr'><strong>τὴν</strong></span> <span class='ocrx_word' id='word_1_327' title='bbox 2293 3634 2471 3692; x_wconf 76' lang='grc' dir='ltr'><strong><em>αὑτοῦ</em></strong></span> <span class='ocrx_word' id='word_1_328' title='bbox 2492 3637 2684 3691; x_wconf 71' lang='grc' dir='ltr'><strong><em>οἰκίαν</em></strong></span> 
     </span>
    </p>
   </div>
   <div class='ocr_carea' id='block_1_5' title="bbox 321 3718 2682 3887">
    <p class='ocr_par' dir='ltr' id='par_1_8' title="bbox 321 3718 2682 3887">
     <span class='ocr_line' id='line_1_34' title="bbox 321 3718 2682 3798; baseline -0.003 -16"><span class='ocrx_word' id='word_1_329' title='bbox 321 3727 558 3792; x_wconf 75' lang='grc' dir='ltr'><strong><em>διοικοῖ,</em></strong></span> <span class='ocrx_word' id='word_1_330' title='bbox 592 3728 688 3780; x_wconf 75' lang='grc' dir='ltr'><strong>καὶ</strong></span> <span class='ocrx_word' id='word_1_331' title='bbox 716 3728 849 3798; x_wconf 77' lang='grc' dir='ltr'><strong>περὶ</strong></span> <span class='ocrx_word' id='word_1_332' title='bbox 882 3727 997 3781; x_wconf 77' lang='grc' dir='ltr'><strong>τῶν</strong></span> <span class='ocrx_word' id='word_1_333' title='bbox 1029 3727 1127 3796; x_wconf 80' lang='grc' dir='ltr'><strong>τῆς</strong></span> <span class='ocrx_word' id='word_1_334' title='bbox 1158 3722 1449 3798; x_wconf 58' lang='lat' dir='ltr'><strong>noima-‚⁰</strong></span> <span class='ocrx_word' id='word_1_335' title='bbox 1414 3746 1574 3788; x_wconf 79' lang='grc' dir='ltr'><strong><em>οπως</em></strong></span> <span class='ocrx_word' id='word_1_336' title='bbox 1608 3726 1675 3782; x_wconf 79' lang='grc' dir='ltr'><strong>τὰ</strong></span> <span class='ocrx_word' id='word_1_337' title='bbox 1710 3727 1807 3796; x_wconf 80' lang='grc' dir='ltr'><strong>τῆς</strong></span> <span class='ocrx_word' id='word_1_338' title='bbox 1840 3723 2062 3788; x_wconf 79' lang='grc' dir='ltr'><strong><em>πόλεως</em></strong></span> <span class='ocrx_word' id='word_1_339' title='bbox 2083 3718 2535 3786; x_wconf 58' lang='grc' dir='ltr'><strong>δυνατώϊατος*</strong></span> <span class='ocrx_word' id='word_1_340' title='bbox 2497 3740 2589 3778; x_wconf 75' lang='grc' dir='ltr'><strong>αν</strong></span> <span class='ocrx_word' id='word_1_341' title='bbox 2598 3725 2682 3789; x_wconf 72' lang='grc' dir='ltr'><strong>εἴη</strong></span> 
     </span>
     <span class='ocr_line' id='line_1_35' title="bbox 321 3808 1085 3887; baseline -0.001 -17"><span class='ocrx_word' id='word_1_342' title='bbox 321 3817 423 3870; x_wconf 73' lang='grc' dir='ltr'><strong>καὶ</strong></span> <span class='ocrx_word' id='word_1_343' title='bbox 447 3808 723 3887; x_wconf 73' lang='grc' dir='ltr'><strong>πράττειν</strong></span> <span class='ocrx_word' id='word_1_344' title='bbox 744 3815 837 3867; x_wconf 72' lang='grc' dir='ltr'><strong>καὶ</strong></span> <span class='ocrx_word' id='word_1_345' title='bbox 861 3814 1085 3885; x_wconf 74' lang='grc' dir='ltr'><strong>λέγειν.</strong></span> 
     </span>
    </p>
   </div>
   <div class='ocr_carea' id='block_1_6' title="bbox 321 3894 2691 4404">
    <p class='ocr_par' dir='ltr' id='par_1_9' title="bbox 321 3894 2684 4057">
     <span class='ocr_line' id='line_1_36' title="bbox 464 3894 2684 3971; baseline -0.003 -16"><span class='ocrx_word' id='word_1_346' title='bbox 464 3901 517 3968; x_wconf 81' lang='grc'><strong>6)</strong></span> <span class='ocrx_word' id='word_1_347' title='bbox 554 3900 822 3955; x_wconf 81' lang='lat' dir='ltr'><strong>Trectavit</strong></span> <span class='ocrx_word' id='word_1_348' title='bbox 842 3901 973 3954; x_wconf 78' lang='lat' dir='ltr'><strong>hauc</strong></span> <span class='ocrx_word' id='word_1_349' title='bbox 995 3904 1341 3970; x_wconf 75' lang='lat' dir='ltr'><strong>quaestionem</strong></span> <span class='ocrx_word' id='word_1_350' title='bbox 1366 3900 1421 3954; x_wconf 89' lang='lat' dir='ltr'><strong>C.</strong></span> <span class='ocrx_word' id='word_1_351' title='bbox 1448 3901 1512 3955; x_wconf 90' lang='lat' dir='ltr'><strong>A.</strong></span> <span class='ocrx_word' id='word_1_352' title='bbox 1541 3902 1768 3971; x_wconf 67' lang='lat' dir='ltr'><strong>Sandis,</strong></span> <span class='ocrx_word' id='word_1_353' title='bbox 1802 3900 2140 3957; x_wconf 73' lang='lat' dir='ltr'><strong>Grundlim’en</strong></span> <span class='ocrx_word' id='word_1_354' title='bbox 2163 3899 2259 3954; x_wconf 77' lang='lat' dir='ltr'><strong>der</strong></span> <span class='ocrx_word' id='word_1_355' title='bbox 2278 3899 2448 3953; x_wconf 64' lang='lat' dir='ltr'><strong>Lokra</strong></span> <span class='ocrx_word' id='word_1_356' title='bbox 2467 3896 2562 3951; x_wconf 74' lang='lat' dir='ltr'><strong>des</strong></span> <span class='ocrx_word' id='word_1_357' title='bbox 2582 3894 2684 3949; x_wconf 85' lang='lat' dir='ltr'><strong>So-</strong></span> 
     </span>
     <span class='ocr_line' id='line_1_37' title="bbox 321 3983 2562 4057; baseline -0.004 -12"><span class='ocrx_word' id='word_1_358' title='bbox 321 3992 527 4056; x_wconf 74' lang='lat' dir='ltr'><strong>krates,</strong></span> <span class='ocrx_word' id='word_1_359' title='bbox 549 3989 602 4041; x_wconf 84' lang='lat' dir='ltr'><strong>iu</strong></span> <span class='ocrx_word' id='word_1_360' title='bbox 627 3987 808 4041; x_wconf 72' lang='lat' dir='ltr'><strong>Museo</strong></span> <span class='ocrx_word' id='word_1_361' title='bbox 833 3986 1072 4040; x_wconf 79' lang='lat' dir='ltr'><strong>Rhensno</strong></span> <span class='ocrx_word' id='word_1_362' title='bbox 1096 4004 1214 4040; x_wconf 79' lang='lat' dir='ltr'><strong>sun.</strong></span> <span class='ocrx_word' id='word_1_363' title='bbox 1245 3986 1394 4041; x_wconf 82' lang='grc'><strong>1827.</strong></span> <span class='ocrx_word' id='word_1_364' title='bbox 1440 3986 1561 4040; x_wconf 88' lang='lat' dir='ltr'><strong>Vid.</strong></span> <span class='ocrx_word' id='word_1_365' title='bbox 1586 3989 1731 4057; x_wconf 91' lang='lat' dir='ltr'><strong>impr.</strong></span> <span class='ocrx_word' id='word_1_366' title='bbox 1758 4005 1807 4057; x_wconf 90' lang='lat' dir='ltr'><strong>p.</strong></span> <span class='ocrx_word' id='word_1_367' title='bbox 1839 3987 1936 4039; x_wconf 82' lang='lat'><strong>122</strong></span> <span class='ocrx_word' id='word_1_368' title='bbox 1963 4003 2070 4056; x_wconf 80' lang='lat' dir='ltr'><strong>sqq.</strong></span> <span class='ocrx_word' id='word_1_369' title='bbox 2097 3993 2241 4054; x_wconf 84' lang='lat' dir='ltr'><strong>etp..</strong></span> <span class='ocrx_word' id='word_1_370' title='bbox 2256 3983 2374 4037; x_wconf 85' lang='grc'><strong>129.</strong></span> <span class='ocrx_word' id='word_1_371' title='bbox 2508 4015 2511 4018; x_wconf 18' lang='grc' dir='ltr'><strong>Δ</strong></span> <span class='ocrx_word' id='word_1_372' title='bbox 2558 4005 2562 4010; x_wconf 94' lang='grc'><strong><em>·</em></strong></span> 
     </span>
    </p>

    <p class='ocr_par' dir='ltr' id='par_1_10' title="bbox 323 4068 2691 4319">
     <span class='ocr_line' id='line_1_38' title="bbox 469 4068 2691 4143; baseline -0.003 -15"><span class='ocrx_word' id='word_1_373' title='bbox 469 4076 519 4142; x_wconf 90' lang='grc'><strong>7)</strong></span> <span class='ocrx_word' id='word_1_374' title='bbox 558 4075 803 4143; x_wconf 76' lang='lat' dir='ltr'><strong>Aequalis</strong></span> <span class='ocrx_word' id='word_1_375' title='bbox 826 4073 1185 4142; x_wconf 84' lang='lat' dir='ltr'><strong>Xenophontis</strong></span> <span class='ocrx_word' id='word_1_376' title='bbox 1210 4074 1308 4129; x_wconf 75' lang='lat' dir='ltr'><strong>ruit</strong></span> <span class='ocrx_word' id='word_1_377' title='bbox 1324 4075 1676 4139; x_wconf 82' lang='lat' dir='ltr'><strong>Antisthenes,</strong></span> <span class='ocrx_word' id='word_1_378' title='bbox 1700 4075 1845 4126; x_wconf 87' lang='lat' dir='ltr'><strong>cuius</strong></span> <span class='ocrx_word' id='word_1_379' title='bbox 1870 4068 2252 4141; x_wconf 73' lang='grc' dir='ltr'><strong><em>Οἰκονομικὸς</em></strong></span> <span class='ocrx_word' id='word_1_380' title='bbox 2268 4075 2691 4122; x_wconf 73' lang='lat' dir='ltr'><strong>eommemomtur</strong></span> 
     </span>
     <span class='ocr_line' id='line_1_39' title="bbox 323 4155 2689 4272; baseline -0.004 -55"><span class='ocrx_word' id='word_1_381' title='bbox 323 4180 358 4217; x_wconf 79' lang='lat' dir='ltr'><strong>a</strong></span> <span class='ocrx_word' id='word_1_382' title='bbox 383 4163 612 4230; x_wconf 75' lang='lat' dir='ltr'><strong>Diogene</strong></span> <span class='ocrx_word' id='word_1_383' title='bbox 646 4160 855 4214; x_wconf 77' lang='lat' dir='ltr'><strong>Laertio</strong></span> <span class='ocrx_word' id='word_1_384' title='bbox 879 4159 968 4226; x_wconf 82' lang='lat' dir='ltr'><strong>vl,</strong></span> <span class='ocrx_word' id='word_1_385' title='bbox 997 4159 1062 4212; x_wconf 83' lang='grc'><strong>16</strong></span> <span class='ocrx_word' id='word_1_386' title='bbox 1095 4161 1237 4225; x_wconf 83' lang='lat' dir='ltr'><strong>(tom.</strong></span> <span class='ocrx_word' id='word_1_387' title='bbox 1258 4159 1305 4213; x_wconf 90' lang='grc' dir='ltr'><em>Π</em></span> <span class='ocrx_word' id='word_1_388' title='bbox 1327 4177 1375 4230; x_wconf 92' lang='lat' dir='ltr'><strong>p.</strong></span> <span class='ocrx_word' id='word_1_389' title='bbox 1405 4161 1538 4226; x_wconf 85' lang='lat'><strong>11.,)</strong></span> <span class='ocrx_word' id='word_1_390' title='bbox 1578 4159 1882 4213; x_wconf 86' lang='lat' dir='ltr'><strong>Aristotelis</strong></span> <span class='ocrx_word' id='word_1_391' title='bbox 1914 4158 2145 4227; x_wconf 68' lang='lat' dir='ltr'><strong>aequssis</strong></span> <span class='ocrx_word' id='word_1_392' title='bbox 2169 4156 2513 4272; x_wconf 74' lang='lat' dir='ltr'><strong>Xenocrates,</strong></span> <span class='ocrx_word' id='word_1_393' title='bbox 2544 4155 2689 4208; x_wconf 84' lang='lat' dir='ltr'><strong>euius</strong></span> 
     </span>
     <span class='ocr_line' id='line_1_40' title="bbox 327 4242 2217 4319; baseline -0.004 -17"><span class='ocrx_word' id='word_1_394' title='bbox 327 4252 452 4303; x_wconf 87' lang='lat' dir='ltr'><strong>item</strong></span> <span class='ocrx_word' id='word_1_395' title='bbox 482 4244 864 4319; x_wconf 71' lang='grc' dir='ltr'><strong><em>Οἰκονομικὸς</em></strong></span> <span class='ocrx_word' id='word_1_396' title='bbox 886 4247 1175 4298; x_wconf 76' lang='lat' dir='ltr'><strong>nominatur</strong></span> <span class='ocrx_word' id='word_1_397' title='bbox 1194 4247 1259 4299; x_wconf 79' lang='lat' dir='ltr'><strong>ab</strong></span> <span class='ocrx_word' id='word_1_398' title='bbox 1283 4248 1459 4300; x_wconf 86' lang='lat' dir='ltr'><strong>eodem</strong></span> <span class='ocrx_word' id='word_1_399' title='bbox 1483 4245 1666 4313; x_wconf 81' lang='lat' dir='ltr'><strong>1v,12</strong></span> <span class='ocrx_word' id='word_1_400' title='bbox 1695 4247 1837 4311; x_wconf 84' lang='lat' dir='ltr'><strong>(tom.</strong></span> <span class='ocrx_word' id='word_1_401' title='bbox 1861 4243 1884 4297; x_wconf 89' lang='lat'>1</span> <span class='ocrx_word' id='word_1_402' title='bbox 1908 4261 1958 4313; x_wconf 88' lang='lat' dir='ltr'><strong>p.</strong></span> <span class='ocrx_word' id='word_1_403' title='bbox 1977 4242 2123 4311; x_wconf 80' lang='lat'><strong>268).</strong></span> <span class='ocrx_word' id='word_1_404' title='bbox 2210 4256 2217 4265; x_wconf 91' lang='lat'><strong>·</strong></span> 
     </span>
    </p>

    <p class='ocr_par' dir='ltr' id='par_1_11' title="bbox 467 4289 2689 4404">
     <span class='ocr_line' id='line_1_41' title="bbox 467 4289 2689 4404; baseline -0.003 -16"><span class='ocrx_word' id='word_1_405' title='bbox 467 4335 518 4404; x_wconf 85' lang='lat'><strong>8)</strong></span> <span class='ocrx_word' id='word_1_406' title='bbox 556 4335 701 4388; x_wconf 83' lang='lat' dir='ltr'><strong>Cont‘.</strong></span> <span class='ocrx_word' id='word_1_407' title='bbox 728 4333 967 4388; x_wconf 84' lang='lat' dir='ltr'><strong>Niebuhr.</strong></span> <span class='ocrx_word' id='word_1_408' title='bbox 1006 4347 1178 4401; x_wconf 86' lang='lat' dir='ltr'><strong>opusc.</strong></span> <span class='ocrx_word' id='word_1_409' title='bbox 1203 4333 1378 4401; x_wconf 88' lang='lat' dir='ltr'><strong>philol.</strong></span> <span class='ocrx_word' id='word_1_410' title='bbox 1409 4332 1435 4385; x_wconf 89' lang='lat'>1</span> <span class='ocrx_word' id='word_1_411' title='bbox 1471 4348 1520 4402; x_wconf 88' lang='lat' dir='ltr'><strong>p.</strong></span> <span class='ocrx_word' id='word_1_412' title='bbox 1549 4332 1651 4385; x_wconf 76' lang='lat'><strong>412</strong></span> <span class='ocrx_word' id='word_1_413' title='bbox 1677 4348 1786 4403; x_wconf 78' lang='lat' dir='ltr'><strong>sqq.</strong></span> <span class='ocrx_word' id='word_1_414' title='bbox 1853 4330 2092 4386; x_wconf 86' lang='lat' dir='ltr'><strong>Ceterum</strong></span> <span class='ocrx_word' id='word_1_415' title='bbox 2123 4345 2189 4384; x_wconf 91' lang='lat' dir='ltr'><strong>ne</strong></span> <span class='ocrx_word' id='word_1_416' title='bbox 2230 4331 2457 4400; x_wconf 85' lang='lat' dir='ltr'><strong>pertinet</strong></span> <span class='ocrx_word' id='word_1_417' title='bbox 2489 4289 2689 4400; x_wconf 77' lang='lat' dir='ltr'><strong>quidem</strong></span> 
     </span>
    </p>
   </div>
   <div class='ocr_carea' id='block_1_7' title="bbox 3091 271 3098 823">
    <p class='ocr_par' dir='ltr' id='par_1_12' title="bbox 3091 271 3098 823">
     <span class='ocr_line' id='line_1_42' title="bbox 3091 271 3098 823; baseline 0 0"><span class='ocrx_word' id='word_1_418' title='bbox 3091 271 3098 823; x_wconf 95' lang='lat' dir='ltr'><strong> </strong></span> 
     </span>
    </p>
   </div>
  </div>
 </body>
</html>
