3102 4866
0 468 18 510 Ρ.

0 572 16 617 ι

0 674 14 721 ι

0 778 10 826 ι

0 888 12 933 ι

0 994 12 1039 ι

0 1102 8 1145 e

0 1188 8 1247 i

0 1310 5 1354 ι

0 1408 6 1459 Ι

1358 258 1491 327 469

247 449 465 533 quibus
500 448 685 515 nimis
724 468 901 533 saepe
936 450 1114 515 etiam
1154 468 1262 514 eos
1303 447 1389 513 uti
1427 447 1659 528 videas,
1697 468 1957 533 quorum
1993 450 2193 533 ipsum
2234 448 2603 514 ammumac

242 554 421 617 vitam
460 572 643 619 nemo
682 554 879 619 bonus
910 553 1262 618 laudandam
1299 561 1488 636 putet.
1545 554 1860 637 Bogislaus
1896 562 2096 618 autem
2136 551 2211 618 ab
2249 571 2324 618 eo
2355 551 2600 617 demum

240 676 379 721 vere
417 657 604 722 Deum
646 656 880 722 adorari
919 656 1223 733 intellexit,
1255 657 1357 740 qui
1395 656 1586 723 Deum
1626 658 1873 724 haberet
1906 658 1971 722 in
2008 676 2126 722 suo
2154 656 2285 741 ipse
2323 665 2595 741 pectore:

239 761 351 825 lias
383 760 622 826 demum
654 770 890 826 sanctas
920 780 1055 826 esse
1084 760 1505 840 caerimonias,
1536 781 1688 846 quae
1717 781 1857 827 cum
1884 780 2127 827 morum
2157 759 2467 826 sanctitate
2494 779 2596 837 es·

242 874 379 928 sent
408 865 785 930 coniunctae:
813 865 960 930 haec
986 875 1150 948 grata
1179 865 1303 930 Deo
1334 865 1640 943 sacrificia,
1670 884 1823 951 quae
1850 866 2021 931 factis
2050 864 2497 933 continerentur
2521 863 2596 929 ad

241 968 435 1034 divina
464 977 778 1054 praecepta
814 970 1296 1035 accommodatis.
1376 968 1566 1053 Igitur
1600 969 1682 1033 ita
1722 969 1870 1036 haec
1894 969 2026 1044 loca
2052 975 2363 1034 vena-atus
2385 976 2504 1045 est,
2522 974 2600 1033 -ut
2666 973 2673 979 '

235 1071 364 1137 viva
391 1081 452 1137 et
478 1072 700 1138 efficaci
730 1072 909 1137 divini
939 1072 1208 1156 magistri
1235 1073 1528 1139 memoria
1567 1073 1767 1138 omnis
1804 1073 1932 1138 eius
1963 1073 2198 1138 animus
2225 1071 2598 1156 impleretur:

235 1177 318 1241 ita
341 1176 638 1253 discessit,
666 1185 734 1241 ut
762 1196 831 1241 se
859 1195 1150 1260 suamque
1176 1176 1352 1241 vitam
1387 1195 1629 1242 omnem
1656 1176 1780 1242 Deo
1811 1184 2204 1243 consecraret.
2233 1211 2320 1225 —
2540 1218 2543 1225 ·

252 1267 255 1271 ’
410 1279 545 1345 Jam
565 1299 707 1345 vero
738 1300 956 1365 operae
984 1282 1242 1365 pretium
1274 1290 1369 1345 est
1394 1280 1621 1358 audire,
1652 1281 1842 1365 qualis
1872 1269 2049 1346 fuerit
2059 1278 2593 1363 Bogislai-reditus,

234 1393 451 1469 quanta
482 1384 755 1449 omnium
793 1386 1093 1450 bonorum
1121 1384 1515 1468 gratulatione
1545 1384 1902 1464 celebratus,
1952 1403 2138 1469 quam
2159 1382 2426 1466 insignes
2452 1381 2594 1447 ubi·

234 1506 356 1571 que
404 1489 671 1573 honores
711 1489 774 1553 in
814 1490 1019 1573 ipsum
1060 1489 1363 1554 cumulati.
1414 1525 1500 1537 —
1550 1488 1738 1572 Igitur
1776 1508 1964 1573 quum
2011 1488 2286 1554 conlecto
2328 1484 2632 1552 celeriter·

231 1593 532 1658 maritimo
573 1593 786 1658 itinere
813 1577 1113 1659 Ve‘netiam
1142 1612 1358 1659 rursus
1388 1593 1800 1672 contenderet,
1849 1602 1921 1659 ut
1953 1593 2216 1677 primum
2238 1589 2593 1666 ,nuntiatum

233 1707 327 1762 est
353 1716 488 1762 eum
519 1698 859 1773 adventare,
916 1696 1174 1763 Senatus
1202 1699 1464 1763 Venetus
1500 1698 1731 1780 legatos
1763 1697 1998 1763 obviam
2026 1696 2220 1773 misit,
2269 1694 2372 1779 qui
2400 1694 2591 1760 multo

231 1801 550 1867 verborum
578 1802 814 1867 honore
840 1801 904 1866 in
935 1801 1145 1882 urbem
1176 1821 1350 1868 suam
1376 1801 1709 1867 invitarent.
1777 1800 1867 1866 lbi
1893 1800 2136 1885 publico
2165 1799 2432 1883 hospitio
2462 1798 2592 1864 lan·

231 1907 467 1972 tissime
516 1906 832 1991 excipitur:
875 1924 1157 1990 proceres
1212 1925 1424 1971 omnes
1478 1905 1797 1971 salutatum
1838 1914 2234 1971 concurrunt:
2286 1902 2418 1968 Dux
2458 1901 2592 1988 ipse

232 2009 493 2075 Venetus
543 2011 730 2087 adest,
781 2018 841 2075 et
888 2019 1262 2075 servatorum
1311 2018 1403 2075 tot
1443 2009 1660 2074 civium
1698 2027 1951 2075 suorum
1991 2026 2169 2074 causa
2205 2006 2426 2090 gratias
2452 2005 2590 2091 agit,

226 2114 375 2180 lude
426 2122 583 2179 stato
623 2115 720 2179 die
755 2114 816 2178 in
859 2114 1062 2179 ducale
1095 2114 1378 2198 palatium
1412 2113 1753 2192 deducitur,
1797 2111 2289 2197 splendidissimo
2320 2109 2588 2175 convivio

228 2218 544 2303 excipitur,
560 2242 569 2251 ·
588 2218 660 2283 ad
691 2227 1021 2283 extremum
1050 2218 1386 2302 spectaculo
1410 2218 1622 2283 adesse
1650 2216 1909 2292 iubetur,
1939 2214 2111 2300 quale
2136 2214 2364 2280 nullum
2391 2213 2591 2283 adhuc

229 2321 501 2387 Venetiae
551 2321 744 2386 visum
794 2324 890 2386 sit.
978 2322 1148 2387 Tunc
1194 2322 1312 2405 ipsi
1346 2322 1708 2388 Senatorum
1746 2321 1852 2386 filii
1888 2321 1954 2385 in
1992 2337 2234 2385 scenam
2261 2317 2587 2403 prodeunt,⁴

226 2435 664 2509 assumptoque
693 2425 786 2490 alii
815 2426 1073 2511 Bogislai
1101 2425 1348 2510 eiusque
1376 2427 1711 2505 comitum,
1740 2426 1838 2493 alii
1863 2422 2265 2511 praedonum,
2294 2441 2449 2507 quos
2478 2421 2586 2489 de-

225 2530 467 2605 vicerat,
498 2529 729 2606 habitu,
777 2540 836 2596 et
861 2531 1141 2615 personis
1171 2549 1412 2617 quoque
1447 2532 1524 2596 ad
1553 2532 1856 2596 veritatem
1894 2529 2066 2595 factis
2103 2525 2321 2605 induti,
2371 2525 2583 2613 proelii
2618 2540 2686 2596 8⁴

224 2633 380 2699 illius
417 2634 809 2699 imitationem
850 2636 1145 2718 quandam
1183 2643 1242 2700 et
1267 2635 1587 2718 imaginem
1619 2634 1857 2700 mimica
1886 2641 2014 2700 arte
2041 2635 2356 2699 edunt—
2381 2632 2472 2697 lta
2499 2631 2581 2697 illi

223 2757 385 2803 novo
407 2745 585 2821 atque
612 2738 856 2803 insolito
887 2739 1138 2803 honoris
1168 2757 1409 2822 genere,
1449 2758 1628 2824 quem
1657 2738 1854 2804 verbis
1885 2727 2033 2803 satis
2062 2758 2096 2803 a
2127 2757 2196 2802 se
2224 2736 2426 2803 ornari
2452 2721 2585 2803 nou

222 2861 408 2927 posse
467 2842 893 2926 intelligebant,
949 2842 1128 2907 huius
1180 2842 1455 2908 virtutem
1484 2842 1678 2927 ‘quasi
1728 2842 1861 2907 vivo
1920 2841 2183 2927 quodam
2239 2840 2580 2918 simulacro,

224 2946 457 3013 actione
483 2966 554 3013 ac
581 2958 753 3031 gestu
782 2965 1124 3030 expressam
1159 2947 1461 3012 celebrare
1489 2946 1687 3029 conati
1714 2955 1874 3012 sunt.

394 3051 549 3117 Hinc
574 3050 887 3134 Bogislaus
910 3051 1165 3116 Romam
1199 3051 1536 3117 contendit:
1580 3070 1778 3136 neque
1805 3050 2008 3116 minus
2033 3049 2368 3115 honorilice
2395 3067 2432 3117 a
2459 3067 2577 3134 po·
2606 3117 2611 3123 ,

220 3155 363 3238 pulo
393 3156 671 3221 Romano
717 3164 778 3220 et
820 3173 854 3219 a
897 3174 1139 3220 summo
1168 3155 1460 3221 Pontiflce
1503 3165 1783 3241 acceptus
1828 3164 1935 3220 est.
2021 3153 2189 3219 {dem
2220 3171 2575 3229 concursus,

219 3260 426 3324 eadem
479 3259 796 3342 gratulatio
809 3308 825 3336 ,
878 3259 1036 3324 idem
1078 3259 1347 3325 omnium
1385 3260 1728 3336 hominnm,
1778 3267 2035 3324 aetatum
2078 3257 2358 3323 ordinum
2390 3257 2573 3322 favor.

219 3363 357 3448 Ipse
382 3361 591 3429 autem
611 3363 915 3440 Pontifex,
945 3381 1132 3446 quum
1160 3363 1409 3429 vidisset
1436 3362 1779 3446 Bogislaum
1808 3372 1868 3427 et
1897 3362 2088 3427 virum
2117 3363 2273 3427 fama
2301 3378 2429 3427 non
2456 3359 2577 3427 mi-

217 3487 432 3533 norem
459 3468 522 3532 in
553 3467 867 3552 colloquiis
897 3468 1295 3551 cognovisset,
1322 3486 1541 3550 magno
1573 3467 1769 3551 aliquo
1800 3476 1861 3530 et
1878 3466 2098 3550 insigni
2118 3467 2354 3532 honore
2372 3465 2576 3549 quanti

216 3590 354 3636 eum
383 3573 603 3636 faceret
630 3570 949 3636 ostendere
977 3571 1181 3648 voluit.
1233 3571 1458 3637 Indicta
1485 3571 1669 3654 igitur
1695 3571 1758 3635 in
1788 3570 2194 3636 saa-atissimo
2223 3569 2392 3636 urbis
2412 3578 2575 3636 tau·

213 3676 319 3760 plo
349 3676 666 3754 concione,
694 3674 1004 3759 Bogislaus
1035 3695 1173 3741 cum
1203 3676 1332 3741 suis
1364 3676 1715 3753 comitibus,
1743 3675 2159 3741 Romanorum
2188 3693 2427 3759 quoque
2453 3690 2573 3739 no·

212 3779 522 3845 bilissimis
549 3791 611 3844 et
638 3779 839 3844 multis
869 3780 972 3863 qui
1000 3780 1228 3845 Romae
1254 3781 1501 3845 aderant
1527 3788 1862 3845 exterarum
1895 3777 2194 3843 civitatum
2224 3774 2573 3861 proceribus
2665 3780 2669 3784 ’

109 3940 120 3954 .
213 3883 470 3968 stipatus
484 3932 503 3962 ,
554 3884 807 3949 solemni
858 3903 1085 3968 pompa
1123 3884 1188 3949 in
1231 3884 1519 3968 templum
1560 3852 1899 3949 deducitur:
1951 3879 2275 3947 collocatur
2312 3880 2376 3945 in
2413 3878 2569 4000 solip

210 4006 409 4074 prope
435 3988 627 4072 ipsius
657 3988 968 4053 Pontificis
997 3997 1056 4053 et
1084 3987 1480 4054 cardinalium
1511 3988 1711 4052 sellas:
1755 3986 1895 4051 dein
1922 3984 2202 4051 Pontifex
2232 3985 2571 4051 orationem

213 4091 447 4159 orditur
473 4110 706 4175 gravem
737 4101 799 4157 et
826 4092 1211 4158 luculentam:
1259 4087 1550 4157 collaudat
1572 4091 1933 4175 Bogislaum‚
1959 4089 2284 4172 gratulatur
2310 4087 2567 4174 imperio

210 4196 486 4263 Romano
515 4203 712 4261 tantae
726 4197 958 4262 virtutis
987 4197 1340 4280 principem,
1370 4195 1618 4279 dignum
1646 4196 1810 4261 hunc
1835 4213 1969 4260 esse
1996 4193 2096 4272 ait,
2120 4194 2224 4279 qui
2250 4202 2314 4259 et
2332 4194 2399 4261 in
2416 4194 2570 4262 urbe

212 4299 378 4365 orbis
407 4309 700 4365 terrarum
731 4301 1021 4384 principe,
1051 4309 1109 4365 et
1139 4299 1214 4366 ab
1243 4319 1338 4378 eo,
1371 4299 1475 4383 qui
1504 4298 1608 4364 Dei
1638 4300 1703 4364 in
1730 4299 1905 4364 terris
1933 4298 2187 4364 vicarius
2217 4299 2315 4377 sit,
2345 4299 2567 4365 summi
