3102 4866
1370 293 1495 362 851

250 487 457 555 Elide
482 486 869 553 delubrum
899 485 1243 553 videmus.
1330 484 1571 567 Aliquot
1595 482 1837 550 codices
1869 484 2203 560 vidimus,
2230 481 2396 567 quod
2425 481 2614 549 Hein-

252 592 484 658 dorfius
514 610 776 676 eumque
807 590 1049 675 sequuti
1075 589 1415 668 Sallustius,
1442 589 1721 656 lloserus
1748 589 1815 655 in
1843 590 1937 656 ed.
1965 587 2422 669 min„0rellius.
2439 586 2614 655 Nob-

253 695 392 762 hius
420 706 805 782 receperunt,
841 705 911 763 ut
938 696 1109 762 Cotta
1141 714 1178 759 a
1216 713 1353 760 sese
1391 693 1539 760 illud
1577 694 2114 774 delubmmvisum
2141 712 2277 761 ease
2302 699 2616 762 mmord-

256 799 377 867 Sed
404 801 555 867 nihil
580 820 740 886 opus
767 809 894 867 erat
918 800 1233 865 meliorum
1262 797 1540 865 sodidum
1567 798 1892 883 sdpmram
1921 798 2214 865 deserere.
2269 797 2618 882 Namprao·

252 905 447 972 sentis
476 906 770 990 temporis
799 906 1069 971 haeeoet
1096 904 1214 980 vis,
1250 911 1321 968 ut
1356 901 1540 967 videri
1568 902 1710 968 illud
1739 902 2056 969 delubrum
2090 904 2419 970 etiamnum
2446 901 2694 979 diost-2.

255 1009 731 1088 abeisseilioet,
771 1005 1716 1093 quiillamregionemadieriut,
1750 1006 1817 1072 in
1857 1007 2076 1091 quibus
2116 1007 2402 1092 quonism
2438 1006 2621 1072 etism

254 1116 395 1199 ipsi,
424 1116 529 1199 qui
555 1115 997 1198 colloquuntur,
1025 1130 1164 1176 esse
1205 1117 1485 1194 possunt,
1509 1119 1834 1194 propterea
1862 1110 2059 1195 prima
2073 1130 2335 1195 persona
2354 1112 2620 1195 pouimr.

250 1218 479 1284 Noster
491 1238 695 1286 sermo
711 1216 1062 1282 vernaculus
1091 1214 1268 1299 phne
1294 1214 1508 1279 eodem
1531 1213 1719 1278 modo
1732 1214 2024 1297 loquium
2053 1233 2414 1299 quamquam
2434 1232 2621 1282 usn·-

255 1332 435 1407 patur
458 1342 495 1387 a
521 1322 700 1387 nobis
730 1320 905 1386 intali
928 1339 997 1385 re
1018 1321 1197 1384 etiam
1216 1318 1517 1383 infinitum
1538 1336 1881 1402 pronomen
1901 1336 2090 1396 man,
2120 1337 2241 1403 quo
2268 1318 2621 1386 Latinorum

255 1426 457 1511 lingua
484 1435 663 1491 earet.
732 1424 835 1490 Sic
863 1444 991 1509 esp.
1023 1424 1084 1498 5,
1117 1423 1227 1487 11:
1256 1430 1328 1486 at
1354 1420 1547 1486 enim
1585 1431 2019 1506 praesentes
2060 1422 2391 1489 videmus
2417 1423 2619 1499 deos,

258 1531 321 1595 h.
353 1550 406 1596 e.
437 1530 507 1595 ῆι
533 1528 883 1613 aliquando,
919 1538 988 1594 ut
1024 1526 1120 1593 dei
1148 1535 1494 1612 praesentes
1536 1527 1872 1605 videantur,
1906 1527 1985 1594 ab
2012 1527 2100 1593 eis
2130 1526 2372 1605 scilieet,
2400 1525 2622 1611 quibus

256 1654 393 1701 sese
412 1634 795 1700 ostenderint.
856 1633 1052 1699 Etiam
1081 1632 1360 1698 hocloco
1391 1631 1703 1697 vidimus
1731 1633 2067 1717 repositum
2095 1641 2192 1698 est
2215 1631 2294 1698 ab
2322 1630 2635 1698 Heindob'

257 1740 340 1805 fio
369 1739 619 1822 eiusque
646 1737 1019 1825 sequacibus,
1047 1737 1229 1803 unius
1258 1736 1484 1801 codicis
1513 1735 1922 1819 Glogaviensis
1950 1736 2322 1803 auctoritate.
2411 1795 2418 1802 .
2489 1779 2496 1804 2
2543 1793 2550 1806 .

433 1841 574 1927 Cap.
603 1841 809 1919 xxm,
839 1842 943 1907 60.
1029 1841 1261 1925 Atque
1296 1840 1472 1905 haec
1520 1840 1809 1924 quidem
1858 1840 2220 1906 eiusmodi
2254 1860 2338 1906 ex
2389 1849 2625 1910 vetere

258 1946 604 2012 Graeciae
628 1947 817 2013 rama
844 1944 1151 2011 collecta
1178 1954 1366 2011 sunt.
1454 1944 1696 2028 Aliquot
1737 1944 1978 2010 oodiees
2028 1943 2253 2009 habent
2283 1928 2502 2016 liaeo
2481 1944 2623 2028 igi·
2662 1957 2730 2013 ¹⁶

260 2059 385 2116 tur
408 2058 480 2116 et
507 2048 859 2115 eiusmodi
890 2059 994 2114 aut
1019 2058 1229 2133 atque
1256 2048 1641 2114 eiusmodi:
1671 2049 2102 2133 sednunquam
2117 2048 2283 2114 lmno
2301 2049 2626 2132 genitivum
2743 2093 2746 2098 «

264 2154 626 2219 eiusmodi
662 2154 753 2219 sio
787 2161 1142 2237 usurpatum
1172 2152 1399 2230 videas,
1429 2160 1497 2216 ut
1522 2152 1658 2237 ipse
1686 2153 1855 2218 solus
1884 2171 2000 2237 pro
2028 2152 2299 2219 subiecto
2325 2162 2433 2219 aut
2459 2152 2629 2226 obie-
2688 2174 2696 2182 ·

267 2266 365 2324 oto
396 2257 825 2324 enuntiationis
859 2257 966 2334 sit,
997 2257 1102 2321 sed
1133 2256 1306 2322 adest
1342 2276 1584 2342 semper
1620 2256 1859 2340 aliquod
1888 2255 2262 2333 voeabulnm,
2294 2256 2490 2323 mise
2515 2274 2628 2341 ap·

262 2361 465 2448 plicet,
514 2363 676 2428 velut
722 2382 840 2427 res
891 2361 1280 2439 eiusmodi,
1322 2360 1589 2439 omnia,
1627 2360 1877 2439 multa,
1914 2359 2047 2425 alia
2082 2360 2470 2437 eiusmodi:
2497 2369 2629 2428 eto.

264 2467 404 2533 Non
426 2467 830 2551 magisautem
860 2466 1035 2532 haee
1058 2465 1414 2533 eiusmodi
1442 2465 1682 2530 autilla
1709 2465 2065 2531 eiusmodi
2092 2465 2631 2550 dicu-eliensem-

262 2571 428 2637 niam
456 2571 523 2637 in
551 2571 716 2637 nudo
745 2571 845 2635 illo
874 2569 1135 2654 genitivo
1163 2571 1324 2637 nulla
1349 2570 1509 2636 inest
1534 2569 1890 2652 significatio
1920 2570 2029 2649 rei,
2057 2588 2210 2654 quse
2230 2570 2629 2636 demonstrari

263 2694 378 2760 per
412 2694 754 2759 pronomen
790 2676 1008 2758 possit.
1080 2676 1267 2740 Verae
1304 2675 1579 2741 lectionis
1620 2673 1928 2758 vestigium
1967 2683 2282 2740 servarunt
2317 2674 2360 2740 ii
2389 2674 2628 2741 codices

256 2779 329 2844 in
356 2779 575 2864 quibus
605 2788 703 2844 est
727 2789 940 2863 atque
962 2780 1353 2845 eiusmodi:
1382 2798 1581 2863 neque
1609 2778 1770 2843 enim
1800 2777 2055 2844 dubitari
2083 2786 2313 2863 potest,
2343 2778 2492 2863 quin
2516 2787 2627 2847 at·

259 2902 397 2967 que
424 2903 497 2950 ex
525 2883 805 2967 aliaque
833 2892 1184 2967 corruptum
1212 2874 1321 2949 ait.'
1841 2895 1877 2936 Δ

434 2988 575 3073 Cap.
604 2987 808 3065 XXIV,
838 2987 943 3053 63.
995 2987 1138 3052 Eos
1167 2987 1380 3065 enim,
1408 2987 1531 3071 qui
1560 2986 1660 3052 dii
1696 2986 2186 3072 appellantur,
2222 3006 2466 3053 rerum
2491 3007 2627 3055 na·

258 3101 464 3158 turas
494 3112 684 3170 esse,
712 3110 860 3157 non
888 3091 1162 3175 figuras
1192 3092 1507 3157 deorum.
1575 3092 1809 3157 Erravit
1824 3091 2160 3171 Ernestius,
2183 3092 2626 3159 coniunctim

257 3196 715 3281 appellentur
740 3186 1073 3280 reponms'‚
1105 3195 1210 3279 qui
1230 3180 1554 3261 ex'Nobbii
1585 3195 1862 3282 exemplo
1883 3196 2061 3261 etiam
2091 3196 2154 3261 in
2183 3215 2380 3264 meam
2409 3197 2628 3263 editio-

258 3318 406 3366 nem
446 3318 548 3364 me
584 3300 770 3365 invito
808 3298 1130 3365 translatus
1189 3308 1304 3365 est.
1392 3298 1645 3365 Codices
1684 3301 1926 3384 quidem
1979 3318 2193 3365 omnes
2239 3301 2627 3368 indicativum

258 3404 502 3480 habent,
532 3423 793 3488 eumque
822 3404 967 3468 satis
992 3403 1318 3469 tuebuntur
1349 3422 1498 3488 quae
1525 3404 1603 3468 ab
1630 3403 2001 3487 Heinsingero
2030 3405 2105 3471 ad
2138 3405 2202 3470 C.
2234 3404 2406 3473 Offio.
2432 3405 2479 3485 Ι,
2508 3407 2625 3486 7,6

259 3507 2627 3588 abeodemetaBeieroadL26‚5(90)‚aGemhardoad1‚9‚280t25‚

261 3611 2626 3789 87‚2Goerenzioaddelegg.111,5‚1zahmbedmgioomadcmp.

259 3706 1817 3797 ssnffimoaasanustcfimssvuimmt.
1966 3725 1975 3735 ·
2697 3706 2722 3723 ‘

433 3820 609 3886 Falso
638 3821 780 3886 item
809 3820 1223 3889 coniunctim
1252 3823 1538 3888 scribitur
1568 3824 1711 3908 Cap.
1740 3823 1970 3903 xxva,
1994 3825 2107 3891 69:
2137 3824 2326 3892 haud
2351 3825 2511 3891 seio
2533 3844 2626 3891 au

258 3926 519 3992 melius
559 3925 780 3990 fuerit
805 3925 1112 3992 humano
1142 3927 1390 4010 generi
1429 3937 1703 3992 motum
1735 3927 1960 3994 istum
2000 3930 2308 3995 celerem
2347 3931 2626 4013 cogita·
2639 3909 2656 3924 ⁶

259 4030 522 4109 tionis,
550 4047 880 4107 acumen,
917 4031 1348 4109 sollertiam,
1386 4051 1593 4115 quam
1632 4031 1994 4097 rationem
2032 4052 2402 4112 vocamus,
2439 4052 2627 4118 quo·

258 4134 450 4202 niam
500 4133 851 4220 pestifera
903 4133 1002 4199 sit
1034 4135 1310 4215 multis,
1349 4136 1731 4201 admodum
1774 4136 2024 4222 paucis
2063 4137 2444 4216 salutaris,
2475 4156 2624 4205 non

259 4240 414 4306 dari
443 4239 767 4315 omnino,
798 4257 1002 4323 quam
1032 4247 1172 4305 tam
1203 4240 1550 4307 munifice
1578 4249 1650 4305 et
1676 4248 1816 4305 tam
1844 4241 2047 4324 large
2075 4241 2249 4306 dari.
2335 4240 2625 4309 seriben-

261 4343 406 4410 dum
435 4342 1006 4429 utique.quoniam
1046 4346 1400 4427 pestifera
1436 4353 1567 4411 est.
1658 4345 2114 4413 Coniunctivum
2152 4346 2255 4431 qui
2292 4346 2376 4413 ita
2416 4347 2625 4415 deren-
