3102 4866
1320 306 1451 374 465

213 502 446 566 virmtis
472 501 627 566 viam
658 497 1011 576 invenisset,
1049 510 1250 565 tamen
1290 509 1351 565 et
1387 500 1686 565 clarorum
1717 500 1983 565 virorum
2010 501 2159 566 facta
2181 501 2431 596 lii-nter
2456 520 2569 566 oo-

213 604 537 688 gnoseebat
564 613 624 669 et
650 621 926 687 magnam
956 604 1019 668 in
1048 604 1124 668 iis
1151 605 1274 669 vim
1302 622 1440 668 esse
1476 602 1840 687 intelligebat
1873 605 1947 670 ad
1985 604 2164 693 insita
2201 605 2435 671 virmtis
2463 598 2568 671 se'-

214 708 374 773 mina
414 708 619 773 alenda
659 718 836 791 atque
873 706 1197 771 excitmda.
1257 706 1465 790 ltaque
1502 725 1687 790 quum
1726 707 1949 790 patriae
1985 705 2227 792 quoque
2252 700 2568 775 historiam
2638 710 2645 717 ’

199 812 462 930 ⁴egregiis
490 812 781 895 exemplis
819 811 1122 876 abundare
1158 810 1472 886 iudicaret,
1512 829 1700 895 eaque
1736 812 1801 876 in
1840 811 2097 878 ohsmro
2133 814 2317 879 latere
2340 813 2469 879 sibi
2490 832 2569 879 ac

89 953 101 960 -
211 915 338 979 suis
367 925 542 999 turpe
569 916 960 992 existimaret,
998 924 1209 981 auctor
1241 915 1355 980 fuit
1381 914 1613 980 «loanni
1646 914 2060 999 Bugenhagh,
2096 917 2200 1003 qni
2236 910 2382 983 ωηο
2408 917 2565 982 Tre·

211 1019 580 1103 ptoviensem
623 1019 889 1085 scholam
936 1020 1204 1103 regebat,
1240 1028 1311 1085 ιιι
1356 1019 1745 1085 Pomeraniae
1780 1039 1879 1105 res
1930 1030 2129 1104 gestas
2178 1030 2607 1105 componeret-

211 1132 273 1186 et
296 1123 665 1207 posteritatis
696 1122 1020 1188 memoriae
1046 1123 1512 1189 commendaret.
1573 1123 1788 1189 Itanos
1798 1123 2005 1206 prima
2032 1124 2256 1249 patriae
2282 1123 2567 1255 historiae

209 1228 373 1293 initia
400 1228 678 1311 Bogislao
705 1236 920 1293 nostro
948 1226 1253 1293 debemus.

381 1330 620 1395 Talibus
661 1330 771 1396 fuit
797 1330 890 1394 ille
926 1329 1161 1413 publice
1199 1330 1594 1415 privatimque
1629 1331 1931 1397 moribus.
1965 1323 2164 1416 neque
2191 1334 2562 1411 mirabimur.

210 1436 427 1499 horum
457 1452 584 1498 non
611 1435 769 1517 apud
801 1452 949 1499 snos
978 1432 1222 1498 solum
1202 1434 1498 1517 lusignan
1521 1435 1710 1500 fnisse
1732 1454 2000 1500 amorem
2015 1455 2086 1502 ac
2103 1438 2564 1518 venerationem,

209 1537 314 1602 sed
346 1538 419 1603 ad
450 1546 684 1602 exteros
715 1556 954 1621 quoqne
982 1539 1200 1603 tamam
1230 1556 1302 1603 ac
1329 1538 1579 1621 gloriam
1614 1538 1794 1623 longe
1827 1539 2060 1624 lateque
2088 1541 2386 1606 diffusam.
2442 1531 2564 1607 lta·

181 1662 325 1727 .qne
355 1653 416 1707 et
441 1641 822 1707 confluebant
845 1641 1112 1725 undique
1139 1643 1329 1721 multi,
1358 1651 1427 1707 ut
1452 1641 1587 1707 talis
1615 1642 1725 1706 viri
1754 1645 2045 1727 adspectu
2074 1647 2563 1712 coramfrneren·

206 1757 322 1824 tur,
350 1755 410 1810 et
434 1747 632 1812 nullus
660 1746 773 1812 fuit
798 1746 897 1811 illo
925 1753 1199 1830 tempore
1224 1746 1526 1829 princeps,
1557 1745 1704 1830 quin
1732 1747 1896 1813 hunc
1922 1747 2040 1813 sibi
2056 1748 2252 1832 aliquo
2274 1749 2564 1815 amicitiae
2688 1790 2689 1793 =

206 1859 311 1915 aut
336 1851 631 1916 affinitatis
659 1849 895 1916 vinculo
923 1851 1306 1916 coniunctum
1337 1858 1599 1935 cnpoeet.
1690 1869 1701 1878 ·
1824 1865 1839 1874 ·
2530 1884 2537 1893 ·

380 1954 568 2019 Huius
614 1955 698 2020 rei
745 1955 1000 2020 maxime
1045 1953 1304 2036 insignia
1351 1953 1712 2033 documenta
1757 1955 1920 2038 cepit
1960 1965 2104 2039 post
2146 1874 2562 2039 Margaretltae

208 2058 414 2122 uxoris
443 2067 729 2136 mortem,
768 2078 953 2144 quum
983 2058 1316 2124 multorum
1355 2057 1410 2121 ei
1423 2057 1792 2140 principum
1818 2057 1971 2122 filiae
1997 2066 2102 2123 aut
2129 2077 2373 2125 sorores
2399 2062 2559 2126 ultro

208 2161 275 2224 in
301 2162 745 2227 matrimonium
774 2163 1145 2227 offerrentur.
1204 2161 1342 2227 Fuit
1375 2161 1441 2224 in
1479 2160 1578 2225 his
1605 2159 1782 2225 etiam
1813 2162 2011 2235 Anna,
2052 2159 2323 2227 casimiri
2358 2163 2561 2246 sagel-

0 2229 4 2261 ³
100 2342 104 2346 ‚
204 2262 384 2349 lonis,
413 2265 782 2331 Polonorum
810 2266 970 2350 regis
998 2266 1136 2331 fllia.
1194 2265 1350 2330 Nam
1377 2264 1565 2348 quum
1601 2262 1773 2346 legati
1811 2263 2211 2342 Polonorum‚
2247 2267 2350 2349 qui
2391 2275 2564 2332 erant
2599 2272 2668 2329 2⁶1

204 2376 355 2432 tunc
391 2368 543 2433 forte
578 2368 822 2435 aliarum
857 2388 1060 2436 rerum
1104 2387 1283 2435 causa
1323 2368 1525 2445 missi,
1564 2375 1875 2451 peragrata
1914 2366 2268 2433 Pomerania
2312 2388 2562 2437 omnem

205 2480 426 2537 terram
464 2472 836 2538 intuerentur
872 2475 1051 2558 pagis.
1079 2473 1437 2558 oppidisque
1465 2470 1971 2549 florentissimam,
1999 2490 2177 2554 agros
2193 2474 2561 2541 cultissimos

205 2584 269 2640 et
292 2577 530 2659 frugum
567 2584 865 2661 proventu
897 2576 1262 2658 uberrimos,
1304 2576 1491 2641 lautas
1527 2574 1846 2641 hominnm
1888 2594 2063 2657 opes,
2099 2595 2304 2642 mores
2329 2569 2562 2661 probos

204 2690 268 2745 et
293 2681 610 2758 humanos,
638 2701 765 2747 rem
797 2680 1092 2766 publicam
1120 2679 1349 2763 legibus
1378 2688 1439 2743 et
1464 2678 1753 2744 institutis
1769 2679 2070 2761 sapienter
2093 2691 2365 2747 ornatam
2389 2701 2561 2766 egre·

143 2839 157 2848 .
207 2784 416 2867 gieque
443 2784 933 2860 administratam,
948 2782 1288 2866 Bogislaum
1317 2783 1534 2859 autem,
1564 2769 1742 2865 quem
1758 2781 1937 2847 huius
1952 2783 2238 2850 felicitatis
2254 2794 2559 2851 auctorem

208 2905 421 2953 omnes
459 2887 900 2970 praedicabant,
942 2897 1224 2971 tanquam
1262 2904 1490 2951 numen
1527 2885 1766 2970 aliquod
1804 2904 2097 2971 praesens
2137 2898 2199 2953 et
2224 2909 2260 2954 a
2288 2890 2417 2955 suis
2447 2891 2562 2956 coli

203 2990 487 3066 viderent,
516 3000 578 3056 et
603 2992 721 3076 ipsi
748 3010 952 3057 coram
984 2991 1242 3056 venerati
1274 2998 1503 3055 essent:
1533 2989 1681 3055 nihil
1709 3008 1777 3054 se
1805 2990 2030 3073 gratius
2071 2993 2195 3075 regi
2226 3010 2339 3057 sno
2368 2995 2561 3059 sacm-

200 3113 307 3160 ros
351 3115 488 3161 esse
528 3095 958 3180 intelligebant,
1005 3114 1183 3179 quam
1230 3094 1282 3159 si
1325 3094 1459 3160 talis
1501 3086 1611 3158 viri
1663 3094 2008 3159 affinitatem
2054 3098 2108 3160 ei
2161 3096 2558 3162 conciliarent.

199 3197 418 3283 ltaqne'
438 3200 854 3265 condicionem
890 3199 1168 3282 Bogislao
1208 3183 1582 3264 obtulerunt:
1618 3215 1819 3280 neque
1855 3197 1910 3260 is
1953 3198 2215 3263 oblatam
2245 3202 2556 3267 rectisavit.

201 3302 354 3368 Nam
393 3311 454 3369 et
489 3304 843 3369 Casimirnm
880 3304 1125 3369 maximi
1164 3302 1442 3378 faciebat,
1481 3318 1686 3383 regem
1728 3299 2217 3383 potentissimum
2256 3312 2316 3368 et
2343 3323 2559 3388 magna

199 3426 403 3473 rernm
431 3419 729 3491 gestarum
760 3408 944 3491 gloria
974 3408 1220 3482 clarum,
1253 3415 1313 3470 et
1342 3406 1519 3470 filiam
1553 3404 1680 3469 eius
1709 3413 2036 3482 venustam,
2064 3403 2321 3488 prob'am
2350 3418 2414 3474 et
2440 3429 2559 3494 pu·

198 3510 389 3577 dicam
419 3532 552 3578 esse
579 3522 900 3598 acceperat.
960 3513 1162 3595 ltaque
1187 3511 1350 3575 brevi
1376 3528 1477 3574 res
1508 3508 1821 3573 convenit:
1850 3527 2061 3591 neque-
2083 3511 2293 3576 falsam
2334 3513 2411 3579 de
2438 3514 2558 3579 hoc

197 3617 583 3682 matrimonio
615 3636 787 3701 spem
817 3610 1166 3699 conceptam
1197 3615 1386 3680 fnisse
1414 3632 1481 3678 re
1508 3620 1687 3695 atque
1713 3620 1932 3678 eventu
1960 3615 2416 3698 comprobatum
2444 3628 2567 3697 est,

197 3717 478 3785 Vixertmt
512 3721 673 3786 enim
712 3720 867 3785 inter
905 3739 972 3784 se
1007 3719 1320 3802 Bogislaus
1361 3727 1423 3783 et
1459 3718 1630 3782 Anna
1669 3718 1819 3782 mira
1859 3718 2178 3782 concordia
2205 3727 2268 3783 et
2295 3721 2553 3798 caritate,

197 3831 605 3907 auxeruntque
637 3824 897 3906 coniugii
925 3823 1262 3891 felicitatem
1293 3822 1636 3888 dulcissima
1666 3819 1950 3905 pignora,
1991 3821 2255 3946 quinque
2286 3823 2420 3888 liliis
2450 3826 2561 3898 tri·

192 3924 431 4008 busque
457 3926 688 3992 filiabus
718 3922 1037 4010 susceptis.
1069 3962 1157 3976 —

367 4029 454 4096 lta
480 4048 676 4108 nunc,
715 4030 1048 4106 auditores,
1085 4025 1343 4096 vidimus
1360 4029 1719 4112 Bogislaum
1749 4027 1929 4092 bouis
1959 4030 2327 4096 cumulatum
2360 4035 2563 4098 omni-

191 4135 326 4210 hus,
352 4153 505 4219 qnae
531 4135 872 4200 inhominis
900 4135 1079 4199 vitam
1108 4144 1170 4199 et
1196 4136 1261 4201 in
1290 4134 1583 4218 principis
1615 4140 1836 4197 statum
1855 4132 2113 4198 maxima
2139 4135 2349 4200 cedere
2377 4157 2562 4221 posse

187 4239 494 4306 videntur.
535 4258 730 4323 neque
765 4248 966 4304 tamen
1004 4238 1104 4306 hic
1138 4247 1262 4303 tam
1301 4238 1580 4302 insolitus
1612 4219 1915 4299 'felicitatis
1944 4255 2156 4303 cursus
2186 4250 2288 4303 aut
2316 4241 2556 4307 mollem

191 4343 332 4410 fecit
357 4346 489 4411 eins
516 4344 785 4411 animum
823 4353 998 4428 atque
1035 4342 1386 4417 remissum,
1425 4351 1526 4406 aut
1568 4341 1724 4405 fastu
1767 4347 1829 4402 et
1857 4341 2135 4424 snperbia
2164 4342 2390 4408 extulit.
2448 4344 2556 4411 Sui

281 4446 377 4512 ΠΙ.
713 4493 717 4498 .
2067 4444 2265 4520 30,
