3102 4866
1559 260 1689 326 168*

430 455 553 521 uisi
590 454 767 520 otiam
810 423 1070 538 aspum
1108 452 1331 538 aliquid
1367 450 1770 517 sabaudiam.
1831 452 1975 518 Tale
2009 453 2326 519 nuncium
2363 454 2801 539 interpret-nai
2934 421 2943 426 ’
3012 427 3021 433 ’

430 577 558 624 non
587 577 795 623 vereor
821 577 899 622 ne
930 558 1133 623 multis
1164 557 1518 642 placiturum
1548 556 1660 620 sit:
1698 558 1847 622 mihi
1886 558 2129 642 quidem
2167 577 2453 642 perquam
2482 558 2801 643 improba·
2888 554 2895 560 ’

429 662 546 727 hile
571 662 822 728 videtur.
896 660 1261 745 Suspicabar
1297 660 1615 745 aliquando
1652 662 2008 746 Aeschylum
2046 660 2391 745 scripsisse:
2445 654 2507 727 εἰ
2553 654 2622 726 δ’
2644 652 2799 748 ·ἂ’ρ’,

432 753 592 830 elev:
622 763 903 847 quodsi
932 765 1033 828 ita
1062 772 1201 841 est,
1230 783 1357 847 age
1385 781 1472 813 -·-
1501 773 1661 829 esto
1692 801 1776 813 —-
1806 767 1971 833 fiat!
2032 766 2184 832 Nam
2215 758 2275 831 εἶ
2322 757 2386 830 δ’
2432 756 2562 851 ἄρα
2589 765 2681 829 sic
2707 765 2813 832 el>
2892 848 2905 857 ·

430 869 627 952 liptice
648 877 994 952 usurpatur,
1019 867 1141 947 ubi,
1173 870 1318 953 quid
1341 869 1941 949 subaudiendem'sit,
1972 868 2007 937 e
2028 870 2441 955 superioribus
2465 869 2801 934 obscurum

433 980 568 1038 esse
593 990 724 1037 non
750 981 978 1056 potest,
1008 982 1077 1038 ut
1101 974 1384 1038 hocloco
1415 965 1479 1038 εἰ
1524 965 1591 1038 δ’
1640 964 1773 1061 ἔρα
1813 968 2024 1057 θέμις
2065 969 2230 1041 ἐστι’.
2302 974 2409 1039 Sic
2431 974 2807 1039 Demosthe·
2848 1011 2857 1019 ·

325 1099 391 1149 ·5
437 1097 547 1143 nes
584 1078 881 1161 loquitur,
919 1077 1059 1143 uid.
1108 1097 1170 1162 p.
1212 1077 1371 1156 559,
1423 1078 1537 1143 26:
1577 1072 1734 1155 ἐπεὶ
1778 1076 2253 1167 περιαιρεθεὶς
2290 1075 2380 1144 τὰ
2422 1069 2585 1145 'o'na
2626 1069 2810 1155 ἴσως

433 1179 555 1266 μὲν
578 1173 700 1248 οὐκ
721 1171 806 1247 ἂν
827 1173 1121 1269 ὖβρίζοι·
1152 1173 1215 1248 εἶ
1238 1174 1305 1246 d’
1335 1172 1427 1270 ὄρ
1440 1202 1515 1262 α,
1544 1176 1898 1260 ἐλάττονος
1921 1173 2115 1262 ἄξιος
2141 1173 2353 1248 ἔσται.
2399 1183 2578 1248 Nunc
2596 1191 2805 1248 autem

437 1288 585 1375 nihil
611 1287 965 1353 mutandum
996 1306 1129 1351 esse
1156 1286 1356 1352 iudico
1383 1294 1622 1369 praeter
1648 1304 1833 1351 unam
1862 1287 2147 1352 litteram:
2176 1306 2290 1372 pro
2315 1282 2439 1374 γάρ
2460 1288 2622 1352 enim
2650 1277 2806 1372 τᾶρ’

435 1393 817 1459 scribendum
849 1397 965 1473 est.
1017 1390 1171 1455 Nam
1197 1380 1374 1476 τᾶρα
1400 1389 1462 1454 h.
1494 1410 1546 1455 e.
1576 1386 1684 1456 τοὶ
1729 1380 1863 1475 ἄρα
1891 1401 2236 1476 usurpatur,
2264 1392 2367 1457 ubi
2396 1392 2615 1475 aliquid
2646 1411 2805 1456 con·

436 1514 698 1581 sequens
718 1515 855 1560 esse
884 1514 1022 1559 cum
1050 1495 1313 1578 quadam
1337 1495 1776 1559 asseveratione
1805 1496 2079 1580 ponitur,
2123 1505 2189 1560 ut
2215 1496 2337 1560 hoc
2363 1496 2528 1560 locos
2568 1516 2807 1580 quan-

435 1600 826 1685 doquidem
856 1601 961 1665 fas
992 1608 1104 1664 est
1131 1598 1579 1664 sacrificium
1602 1599 1687 1664 ab
1708 1600 2041 1666 exercitu
2072 1601 2425 1684 flagitari,
2457 1620 2631 1684 ergo
2664 1622 2807 1686 op-

437 1706 874 1779 tandumest
903 1712 1127 1783 certe,
1159 1712 1236 1769 ut
1261 1703 1443 1768 hene
1472 1704 1773 1769 eveniat.
1834 1706 2029 1782 Quam
2054 1724 2235 1789 saepe
2255 1695 2383 1791 τόρ
2412 1714 2474 1770 et
2502 1702 2629 1793 γάρ
2660 1725 2808 1788 per-

434 1819 740 1877 mutentur
769 1829 803 1874 a
830 1809 1082 1874 librariis
1111 1827 1291 1874 nemo
1321 1810 1529 1873 nescit.
1589 1809 1676 1874 Gr.
1706 1809 1957 1876 Ellendt.
1987 1810 2127 1875 Lex.
2161 1810 2351 1893 Soph.
2389 1812 2420 1873 1
2454 1830 2515 1895 p.
2547 1810 2697 1875 215.

605 1915 676 1980 In
704 1915 1029 1999 postremis
1056 1915 1237 1980 huius
1269 1914 1483 1979 cantici
1511 1913 1734 1991 verbis,
1761 1933 1815 1977 v.
1848 1914 1994 1979 240.

843 2014 1122 2085 πέλοιτο
1176 2010 1274 2082 δ’·
1301 2004 1415 2083 οὖν
1453 2008 1633 2083 nim
1677 2011 2020 2083 τούτοισιν
2065 2009 2410 2105 εὔπραξις,
2466 2008 2559 2095 ὥς
2600 2011 2808 2085 θέλει

477 2168 486 2176 -
843 2114 995 2189 τόδ’
1041 2111 1423 2207 αγχιστον
1447 2113 1703 2200 Ἀπίας
1732 2114 1933 2207 γαίας
1971 2117 2441 2213 μονόφρουρον
2485 2120 2703 2215 ἕρκος,

441 2228 596 2313 quid
625 2228 705 2293 sit
754 2227 896 2292 illud
934 2217 1253 2311 ἄγχιστον
1283 2220 1480 2314 ἕρκος
1516 2244 1644 2291 non
1673 2227 1955 2311 intelligo.
2032 2228 2355 2295 Sehutzius
2388 2232 2629 2315 quidem
2661 2253 2805 2299 cum

439 2334 566 2399 aliis
596 2332 1124 2417 Clytaemnestram
1152 2331 1450 2415 designari
1480 2318 1763 2415 putans„
1766 2333 2067 2409 ,chorus‘
2100 2332 2293 2417 inquit
2320 2335 2441 2413 „de
2471 2338 2677 2419 regina
2705 2338 2807 2402 lo-

439 2439 669 2524 quitur,
700 2457 882 2522 quam
913 2438 1222 2522 propius
1246 2437 1320 2501 ad
1354 2457 1422 2502 se
1443 2431 1723 2501 accedere
1746 2437 1967 2502 videt.“
2012 2438 2089 2502 At
2111 2439 2246 2521 quis
2264 2443 2527 2524 unquam
2545 2442 2804 2508 alterum

314 2528 324 2541 ⁸
435 2543 695 2629 propius
718 2544 1095 2608 accedentem
1139 2542 1489 2607 huiusmodi
1525 2541 1843 2620 adiectivo,
1886 2543 2249 2626 superlativo
2279 2546 2658 2628 praesertim,
2691 2548 2803 2612 ‹le-
2894 2624 2902 2630 ,

437 2644 735 2733 signavit?
780 2687 790 2697 -
825 2646 1186 2712 Scholiastes
1234 2643 1317 2711 τὸ
1359 2642 1747 2732 συγγενικὸν
1803 2646 2255 2730 interpretatur,
2314 2650 2664 2734 videturque
2724 2651 2804 2717 de

438 2753 683 2819 senibus
736 2751 1038 2836 accepisse
1088 2760 1278 2817 terrae
1316 2751 1540 2834 ipsius,
1586 2770 1767 2835 quam
1807 2758 2076 2829 tuentur,
2124 2761 2332 2835 utpote
2379 2753 2606 2838 patriae
2658 2774 2807 2821 suae

439 2859 610 2942 quasi
637 2856 929 2943 proximis
960 2857 1247 2939 cognatis.
1320 2854 1725 2920 Blomfieldius
1758 2864 1964 2921 contra
1995 2875 2100 2922 eos
2132 2857 2427 2941 designari
2468 2861 2685 2939 credit,
2725 2863 2802 2927 ad

439 2982 596 3048 quos
616 2960 865 3026 absente
883 2981 1024 3044 rege
1038 2961 1187 3025 haec
1205 2960 1386 3025 tutela
1399 2960 1676 3043 proxime
1694 2960 2011 3043 pertineat.
2051 2961 2121 3025 In
2147 2981 2387 3027 cassum
2407 2963 2681 3030 laborant
2696 2966 2803 3049 qui

436 3067 727 3153 explicare
741 3065 1170 3149 inexplicabilia
1193 3066 1404 3148 quovis
1426 3065 1613 3129 modo
1640 3073 1947 3130 conantur.
1981 3067 2303 3150 Aeschylus
2329 3069 2572 3151 scripsit
2601 3061 2804 3135 εὔπι-

327 3191 338 3200 ·
437 3185 623 3251 πον,
665 3171 826 3235 unde
879 3160 1203 3245 ἄπιστον,
1255 3169 1400 3233 hinc
1451 3160 1771 3254 ἅγγιστον
1818 3177 1877 3234 et
1918 3160 2233 3254 ἄγχιστον
2272 3179 2474 3238 ortum
2512 3184 2624 3239 est.
2681 3175 2801 3241 De-

440 3277 683 3359 signant
709 3283 908 3340 autem
938 3275 1034 3338 his
1067 3273 1260 3337 verbis
1294 3290 1471 3338 senes
1503 3285 1696 3338 semet
1725 3273 1868 3356 ipsi,
1915 3282 2124 3360 utpote
2150 3276 2398 3341 absente
2425 3279 2552 3361 regi
2582 3278 2696 3343 soli
2726 3279 2801 3344 ad

439 3391 655 3445 terram
693 3380 972 3444 tuendam
1015 3397 1135 3442 una
1174 3396 1311 3442 cum
1350 3378 1556 3459 regina
1583 3378 1786 3443 relicti.
1848 3379 1924 3444 Et
1953 3382 2288 3464 comparari
2317 3382 2625 3465 aptissime
2652 3403 2802 3467 pos-

437 3494 582 3554 sunt
632 3503 769 3549 cum
809 3484 921 3549 illis
958 3484 1280 3548 Persarum
1318 3482 1592 3561 senibus,
1632 3483 1733 3566 qui
1776 3502 1811 3547 a
1854 3482 2049 3548 Xerxe
2079 3485 2141 3549 in
2172 3486 2381 3552 Persia
2403 3487 2597 3552 relicti
2627 3506 2800 3553 curas

438 3607 579 3656 suas
623 3598 685 3652 'et
722 3587 970 3653 consilia
999 3605 1140 3651 cum
1169 3587 1388 3651 Atossa
1417 3588 1888 3665 communicant,
1925 3588 2160 3672 ipsique
2189 3590 2264 3654 de
2291 3610 2359 3655 se
2388 3590 2597 3656 dicunt
2636 3586 2805 3658 τάδε

441 3688 565 3778 μὲν
589 3687 872 3780 Περσῶν
913 3725 1000 3739 -
1044 3684 1265 3766 πιστὰ
1292 3685 1621 3755 καλεῖται.
1712 3691 1867 3755 Nam
1895 3693 2059 3774 quod
2088 3693 2468 3760 Hei-mannus
2495 3696 2593 3761 his
2624 3697 2802 3779 Argi-

439 3800 526 3865 vis
556 3797 788 3874 obiicit,
819 3795 1099 3860 stolidam
1122 3804 1190 3859 et‘
1201 3795 1615 3880 importunam
1644 3814 1777 3860 esse
1806 3795 2184 3863 iactationem
2204 3846 2221 3875 ,
2262 3801 2315 3863 si
2342 3794 2803 3889 μονόφρουρον

441 3898 636 3992 ἕρκος
671 3921 738 3970 se
775 3901 1003 3979 dicant,
1047 3901 1148 3984 qui
1186 3901 1388 3987 paullo
1428 3909 1565 3966 ante
1612 3907 1700 3982 (v.
1743 3900 1861 3982 82)
1894 3901 2010 3985 ipsi
2042 3921 2110 3966 se
2141 3892 2300 3990 ὄναρ
2342 3895 2804 3994 ἡμερόφαντον

439 3999 739 4074 ἀλαίνειν
781 3997 1082 4072 dixerint:=
1118 4026 1246 4072 non
1298 4008 1596 4094 reputavit
1632 4007 1856 4078 scilicet
1896 4007 1981 4071 vir
2011 4026 2319 4086 summus,
2360 4009 2459 4073 illo
2497 4009 2633 4074 loco
2666 4017 2801 4074 tan-

438 4113 753 4180 tummodo
784 4112 858 4177 de
884 4112 1094 4178 bellico
1123 4112 1344 4178 robore
1372 4131 1712 4178 sermonem
1744 4113 1959 4178 fuisse:
1990 4114 2109 4177 hoc
2130 4132 2264 4178 sese
2287 4132 2484 4179 carere
2507 4113 2801 4184 dixerunt.

443 4220 521 4282 ad
573 4237 741 4286 arma
792 4218 1048 4301 gerenda
1095 4218 1413 4297 invalidos,
1462 4236 1793 4303 puerorum
1841 4218 2114 4301 adeoquo
2153 4218 2502 4282 umbrarum
2552 4218 2798 4283 similes.

441 4321 639 4386 Nihilo
669 4321 871 4385 minus
890 4329 1089 4385 tamen
1118 4322 1297 4386 iidem
1327 4322 1580 4387 oonsilio
1613 4320 1757 4386 satis
1788 4320 1980 4386 valere
2010 4331 2286 4405 possunt,
2317 4331 2375 4386 et
2403 4329 2473 4386 ut
2499 4316 2804 4409 πρόβου-
