3102 4866
1431 282 1667 349 18⁷.

310 493 385 538 se
412 471 706 556 gessisse3
747 482 1036 558 quantum
1065 465 1241 558 pretii
1268 473 1463 559 Aiacis
1504 494 1725 558 operae
1761 475 2144 541 statuendum
2180 472 2375 553 esset,
2405 488 2535 547 non
2558 468 2664 538 ‹tt-

308 585 493 642 xerat.
553 577 1125 661 Nequeverumest,
1150 578 1742 662 qoodSchneiderus
1769 571 2661 664 weddoeuofiwmquo-
2694 591 2730 644 6

306 680 456 746 libet
481 681 664 747 verbo
704 683 1092 767 conjunctum
1121 682 1362 766 aliquod
1389 683 1505 748 vile
1533 703 1605 749 ac
1640 684 1775 749 sine
1804 683 2000 768 pretio
2050 684 2381 768 designare
2469 681 2665 760 Quem

310 785 478 850 enim
503 795 812 851 auctorem
840 786 1008 858 citat,
1046 785 1421 853 Erfurdtium
1449 788 1522 853 ad
1553 789 1833 872 Antigon.
1864 807 1920 851 v.
1959 787 2109 866 183,
2134 788 2189 853 is
2217 778 2668 872 quidemverba

310 908 467 974 quae
493 890 577 955 ibi
617 896 876 955 exstant:
913 883 1146 954 τοῦτον
1173 880 1478 972 οὐδαμοῦ
1514 885 1719 975 λέγω,
1757 890 2116 957 infinitivum
2154 878 2334 955 εἶναι
2370 890 2665 975 supplet·
2776 934 2783 939 .
2838 938 2844 944 .

311 993 464 1060 dum
491 1014 628 1060 esse
657 1011 931 1071 monens,
957 1000 1121 1058 recte
1149 993 1426 1076 explicat:
1469 997 1538 1058 in
1573 994 1742 1059 nullo
1771 994 2018 1061 honoris
2044 994 2173 1060 loco
2203 1013 2326 1073 esse
2348 995 2504 1060 dieo.
2554 994 2670 1060 ssnt

308 1099 472 1163 enim
502 1088 802 1180 οὐδαμοῦ
831 1083 1036 1177 εἶναι,
1067 1089 1468 1184 φαίνεσθαι,
1498 1089 1910 1180 νομίζεσθαι
1937 1096 2097 1163 idem
2126 1098 2666 1181 atqueLatinorum

308 1201 478 1267 nullo
507 1219 759 1266 mero
788 1220 846 1265 ο.
880 1199 1008 1265 loco
1038 1218 1159 1265 esse
1194 1220 1254 1264 v.
1285 1198 1524 1276 haberi,
1557 1204 1749 1284 'quem
1792 1219 1999 1281 usum,
2042 1210 2287 1286 praeter
2312 1220 2458 1279 eos,
2489 1221 2667 1286 quos

306 1305 649 1371 Ermrdtius
677 1304 904 1383 laudat,
956 1304 1268 1370 illustravit
1294 1303 1678 1370 Heindorfius
1717 1304 1791 1370 ad
1824 1304 1973 1370 Plat.
2000 1305 2220 1389 Georg.
2260 1324 2322 1389 p.
2363 1306 2479 1385 Μ’,
2526 1306 2666 1390 quis

307 1418 509 1475 autem
538 1409 682 1475 inde
709 1409 945 1494 colligat
963 1400 1358 1493 συμβαίνειν
1385 1399 1690 1492 οὐδαμοῦ
1714 1428 1881 1475 esse:
1913 1429 2160 1495 ορονονι
2188 1411 2337 1476 dare
2355 1429 2505 1495 quae
2522 1409 2670 1475 ml-

309 1514 432 1579 lius
457 1518 535 1580 sit
549 1512 777 1599 pretii?-
802 1550 893 1563 —
917 1514 1045 1579 Nos
1078 1514 1316 1598 quidem
1363 1533 1502 1579 cum
1529 1513 1834 1579 Errmdtio
1864 1513 2130 1580 Triclinii
2172 1514 2471 1580 rationem
2516 1533 2668 1599 pro-

308 1619 552 1696 bamus,
574 1619 657 1684 ita
673 1630 874 1684 tamen
892 1628 961 1685 ut
977 1619 1177 1703 paullo
1197 1619 1527 1685 accuratius
1547 1618 1952 1703 explicandam
1973 1626 2284 1704 putemu83
2305 1619 2468 1703 quod
2495 1618 2666 1704 ptius
2812 1634 2819 1640 ·

309 1743 491 1807 quam
522 1724 840 1801 faciamus,
881 1725 958 1789 de
993 1724 1109 1789 ista
1149 1724 1328 1790 altera
1357 1723 1750 1808 explicatione
1777 1743 1969 1807 pauca
1997 1723 2266 1789 addenda
2295 1741 2434 1788 esse
2459 1722 2666 1788 viden-

308 1836 427 1893 tur.
471 1828 570 1893 Ait
608 1829 767 1892 enim
796 1828 887 1893 vir
914 1827 1296 1894 acutissimus
1325 1848 1461 1894 esse
1487 1829 1653 1910 bunc
1677 1829 1900 1905 locum,
1929 1830 1985 1892 si
2013 1827 2395 1912 quidem'sua
2412 1835 2664 1893 senten·-

305 1931 391 1996 tia
426 1931 737 2016 probanda
776 1931 882 2011 sit,
931 1931 1006 1996 iis
1044 1932 1589 2009 adnumerandum,
1636 1931 1705 1995 in
1743 1931 1966 2014 quibus
2002 1930 2077 1995 ad
2114 1931 2372 2014 primam
2402 1931 2667 2015 speciem

307 2030 679 2101 abundanter
707 2036 903 2121 posita
931 2037 1201 2102 videatur
1224 2036 1516 2120 particula
1545 2026 1645 2102 οὔ.
1704 2036 1792 2100 Ac
1820 2053 1966 2099 sane
1992 2034 2190 2119 potuit
2209 2033 2387 2099 etiam
2418 2034 2666 2101 iudici:

307 2142 452 2205 ποῦ
479 2133 725 2224 βᾶντος
751 2130 799 2228 ἢ
825 2135 967 2206 ποῦ
988 2134 1287 2221 στάντος,
1319 2127 1533 2226 οὗπερ
1563 2133 1727 2223 ἕγώς
1755 2139 1861 2203 sed
1883 2139 2115 2204 diversa
2137 2146 2334 2204 tamen
2358 2138 2666 2204 sententia.

302 2242 559 2326 Negaret
587 2245 750 2308 enim
780 2244 861 2309 ita
890 2245 1324 2328 Agamemnon,
1354 2244 1592 2328 Ajacem
1621 2262 1923 2328 quoquam
1951 2245 2286 2327 profectum
2315 2262 2451 2309 esse
2474 2252 2536 2309 et
2557 2262 2667 2309 us·

310 2367 494 2432 quam
525 2349 887 2428 constitisse,
912 2349 1018 2414 ubi
1038 2348 1170 2433 ipse
1197 2349 1490 2427 stetisset3
1518 2365 1683 2414 nunc
1701 2359 1921 2427 autem,
1950 2368 1985 2412 e
2006 2349 2201 2413 nostri
2222 2349 2459 2433 qnid-
2482 2348 2668 2414 inter-

309 2453 505 2538 pretia
535 2455 844 2531 sententia,
874 2472 1001 2519 non
1030 2474 1166 2519 esse
1194 2453 1501 2520 contendit
1524 2454 1631 2518 ubi
1661 2454 1807 2537 Aiax
1837 2453 2188 2532 constiterit,
2210 2473 2289 2518 ae
2313 2470 2442 2518 non
2460 2452 2667 2536 potius

308 2558 460 2642 ipse.
520 2558 926 2636 Quamobrem
953 2558 1256 2624 abundare
1285 2560 1677 2642 negationem.
1691 2575 1871 2622 nemo
1903 2557 2134 2634 dixerit,
2164 2558 2269 2640 qui
2293 2558 2452 2623 banc
2476 2557 2668 2622 inter-

306 2664 701 2746 pretationem
731 2661 973 2746 probet,
1012 2664 1117 2727 sed
1158 2663 1361 2746 potius
1394 2664 1607 2727 deesse
1634 2660 1976 2728 adverbium
2005 2657 2277 2743 μᾶλλον.
2365 2661 2500 2727 Ηοο
2525 2680 2666 2727 vero

306 2767 505 2832 omitti
532 2766 695 2831 nullo
726 2768 911 2832 modo
943 2767 1165 2850 potuit,
1208 2786 1396 2851 quum
1428 2767 1629 2832 omnis
1671 2764 1995 2830 sententiae
2023 2765 2113 2828 vis
2141 2764 2205 2829 in
2232 2784 2309 2828 eo
2339 2766 2539 2849 posita
2565 2766 2665 2843 sit,

303 2879 376 2935 nt
402 2890 471 2935 se
499 2868 701 2953 potius
731 2871 1145 2960 Agamemnon
1175 2890 1354 2954 quam
1379 2871 1618 2955 Ajacem
1651 2868 1864 2935 alicubi
1893 2869 2240 2933 constitisse
2265 2870 2439 2937 dicat.
2512 2870 2668 2936 Nam

304 2974 468 3058 quod
496 2982 706 3039 monet
732 2974 1029 3059 interpres
1070 2994 1410 3059 pronomen
1440 2969 1577 3060 ἐγώ
1618 2994 1766 3040 voce
1804 2973 2153 3057 erigendum
2194 2992 2358 3050 esse;
2392 2975 2666 3058 quamvis

306 3078 638 3161 erigamus,
676 3077 824 3142 nihil
851 3086 1056 3143 tamen
1084 3081 1463 3163 proficimus,
1505 3080 1625 3145 nisi
1665 3078 2012 3162 suppleatur
2032 3077 2179 3141 illud
2202 3073 2490 3160 μᾶλλον,
2544 3098 2665 3163 quo

305 3183 538 3248 omisso
569 3182 711 3267 quid
743 3181 860 3247 sibi
885 3182 1026 3247 velit
1063 3165 1275 3268 οὗπερ
1314 3174 1432 3249 οὐκ
1471 3177 1605 3269 ἐγώ
1647 3202 1830 3248 nemo
1876 3191 2039 3268 recte
2069 3183 2414 3267 perspicere
2446 3169 2666 3266 potest.

303 3287 381 3351 At
411 3286 796 3351 doctissimus
827 3285 1127 3371 interpres
1166 3305 1291 3352 non
1323 3284 1576 3371 μᾶλλον
1601 3286 1898 3373 suppleri,
1937 3286 2043 3350 sed
2079 3286 2414 3371 pleniorem
2449 3288 2667 3371 hujus·

306 3391 544 3456 cemodi
584 3389 951 3455 locutionem
989 3391 1238 3474 cogitari
1266 3392 1415 3458 vult:
1477 3389 1631 3471 πῶς
1657 3389 1785 3478 γὰρ
1812 3384 1939 3480 ,ἔβη
1966 3381 2018 3479 ἢ
2045 3383 2232 3479 ἔπη,
2288 3378 2504 3480 οὗπερ
2524 3383 2666 3458 οὐκ

302 3489 439 3581 ἐγώ
482 3488 749 3584 σταίην,
803 3485 943 3559 ἀλλ’
973 3488 1256 3576 ἔκεῒνοςς
1297 3497 1473 3581 Atqui
1500 3498 1621 3563 boc
1646 3498 1850 3582 ipsum
1881 3487 2021 3562 ἀλλ’
2050 3490 2300 3574 ἐκεῖνος
2308 3543 2328 3578 ,
2380 3496 2512 3562 sine
2539 3515 2661 3581 quo
2698 3513 2728 3565 7
2828 3557 2834 3564 .

297 3598 481 3665 verba
524 3599 622 3663 illa
665 3599 739 3663 ad
783 3599 965 3663 istum
996 3600 1249 3664 modum
1295 3601 1536 3686 intelligi
1566 3616 1822 3686 prorsus
1853 3619 1978 3666 non
2006 3608 2300 3684 possunt,
2346 3620 2422 3665 eo
2464 3602 2667 3666 minus

300 3703 710 3788 supplendum
740 3709 917 3788 pocta
945 3702 1316 3769 auditoribus
1346 3706 1681 3790 relinquere
1708 3706 1928 3784 debuit,
1957 3724 2078 3789 quo
2106 3705 2313 3770 minus
2340 3704 2666 3790 quidquam

299 3810 530 3874 inesset
555 3807 622 3872 in
649 3807 786 3891 ipso
820 3807 1105 3872 orationis
1133 3816 1358 3889 tenore,
1389 3795 1550 3894 quod
1579 3811 1697 3878 tale
1718 3812 2201 3896 supplementum
2222 3808 2486 3892 flagitare
2498 3810 2669 3875 vide-

297 3921 485 3979 retur.
571 3910 734 3976 Haec
761 3919 853 3974 est
882 3911 1043 3976 enim
1073 3911 1229 3977 bene
1256 3913 1540 3997 loquendi
1568 3916 1661 3980 lex
1674 3965 1691 3994 ‚
1721 3926 1792 3982 ut
1817 3914 1967 3980 nibil
1991 3914 2326 3991 reficeatur,
2356 3913 2476 3978 nisi
2492 3915 2667 3997 'quod

166 4055 178 4063 ·
299 4016 605 4083 omissum
648 4035 784 4081 esse
829 4034 900 4079 ex
942 4015 1075 4100 ipsa
1121 4018 1412 4084 orationis
1458 4022 1836 4086 connexione
1877 4028 2093 4103 pateat.
2189 4018 2414 4082 Nostro
2467 4025 2666 4084 autem

295 4122 438 4187 loco
479 4140 558 4186 ne
585 4119 696 4187 bic
735 4118 979 4203 quidem
1015 4120 1148 4204 ipse
1173 4123 1265 4187 vir
1302 4125 1726 4207 sagacissimus
1756 4124 1830 4189 de
1858 4123 1957 4188 tali
1987 4122 2409 4206 supplemento
2440 4124 2667 4208 cogita·

298 4236 475 4290 turus
505 4237 658 4302 erat,
699 4225 816 4290 nisi
858 4242 1036 4289 versu
1083 4225 1277 4304 1281,
1317 4228 1378 4292 b.
1421 4249 1473 4293 e.
1504 4236 1650 4312 post
1681 4227 2023 4310 interjectos
2062 4243 2272 4290 versus
2301 4235 2670 4310 qaatmoret

304 4329 713 4413 quadraginta,
742 4331 806 4395 in
836 4350 904 4395 ea
931 4329 1114 4396 verba
1139 4332 1472 4410 incidisset,
1505 4352 1660 4416 quae
1694 4340 1761 4397 ut
1787 4331 1861 4397 ad
1897 4330 1992 4397 illa
2021 4333 2225 4416 priora
2253 4331 2451 4418 aliquo
2470 4336 2666 4399 modo
