3102 4866
1404 239 1512 346 π

1478 369 1665 381 ..φ-...-

288 489 465 554 quam
504 471 603 538 ille
628 472 1069 541 nationalem
1108 472 1461 539 tbeoriam
1500 469 1673 549 dicit,
1701 504 1789 519 —
1818 489 1996 555 quam
2023 470 2103 536 sb
2129 470 2481 535 adversariis
2509 488 2640 535 nan

288 576 431 641 satis
458 576 930 644 animadversam
958 598 1093 644 esse
1119 578 1404 663 queritur.
1461 576 1615 642 Nolo
1636 593 1810 640 nunc
1834 574 2162 641 acum-atius
2189 574 2256 639 in
2281 573 2442 640 banc
2466 575 2640 639 theo-

194 746 202 754 ,
283 681 439 746 riam
458 680 781 767 inquirere,
811 701 999 767 quum
1028 683 1384 766 praesertim
1412 700 1541 747 rem
1565 697 1809 748 omnem
1826 678 2128 749 ,eiusmodi
2148 698 2286 744 esse
2303 678 2644 762 intelligam,

288 804 440 870 quae
468 787 544 852 ad
570 787 861 872 liquidum
890 787 1138 872 perduci
1164 788 1462 871 certisque
1489 784 1857 870 argumentis
1877 782 2276 850 danoustnri
2303 784 2400 849 vix
2423 783 2644 868 possit.

286 888 529 956 luten-im
558 892 781 957 abbae
807 890 1270 970 sidiscesseris,
1304 891 1741 957 inuniversum
1771 878 2644 974 spemntipaullophna'vim
2717 908 2743 959 ,·
2823 896 2831 903 “

286 994 642 1061 doctissimo
665 1014 803 1060 cum
825 995 1179 1059 adversariis
1203 997 1547 1061 communia
1574 1003 1738 1072 sunt,
1769 1011 1951 1089 quam
1972 991 2109 1076 quis
2134 991 2335 1076 primo
2355 993 2646 1078 adspectu

287 1099 503 1164 oeedat.
564 1094 716 1163 Nam
744 1116 925 1163 usum
955 1117 1090 1162 esse
1110 1097 1479 1164 Homoeum
1463 1118 1524 1164 ιιι
1548 1085 1969 1184 componenda
1987 1095 2166 1161 Iliade
2183 1096 2362 1162 cuam
2379 1096 2643 1197 antiqui·

288 1201 497 1268 oribus
539 1201 937 1280 carminibus,
975 1200 1311 1267 Nitzscbius
1349 1202 1651 1277 concedit.
1688 1220 1883 1285 neque
1909 1198 2244 1266 absolutam
2273 1199 2349 1265 ab
2377 1200 2644 1268 Homoeo

289 1305 473 1371 totius
502 1306 699 1372 iliadis
735 1305 1189 1392 perpetuitatem
1227 1324 1364 1373 esse
1400 1306 1732 1384 contendit,
1783 1305 1889 1370 sed
1917 1314 2119 1389 partes
2153 1311 2392 1370 tantum
2418 1305 2648 1390 aliquot

285 1410 545 1476 maiores
581 1411 818 1477 interno
855 1411 1114 1530 quodam
1143 1411 1380 1477 vinculo
1417 1412 1575 1477 inter
1604 1430 1672 1475 se
1707 1408 2089 1487 coniunctas,
2140 1408 2414 1475 nondum
2444 1417 2648 1476 tamen

285 1515 465 1580 etiam
504 1516 571 1581 in
622 1516 802 1582 unius
849 1515 1126 1600 corporis
1177 1534 1526 1601 compagem
1580 1533 1897 1580 connexas.
1992 1513 2180 1598 Igitur
2225 1513 2412 1580 totius
2447 1514 2647 1581 iliadis

285 1619 543 1685 formam
585 1629 762 1714 atque
799 1620 1083 1685 unitatem
1115 1628 1314 1685 mente
1340 1628 1518 1703 atque
1545 1619 1750 1685 animo
1778 1627 1993 1703 poetae
2029 1619 2236 1703 potius
2263 1619 2649 1712 designatam,

286 1742 466 1806 quam
496 1742 564 1789 re
592 1724 725 1808 ipsa
750 1732 812 1789 et
840 1723 1283 1809 compositione
1311 1723 1643 1789 carminum
1673 1725 1998 1808 perlectam
2027 1723 2216 1788 fuisse
2244 1722 2545 1802 dicemus,
2572 1733 2654 1790 ut

286 1827 362 1891 ab
412 1826 874 1912 intelligentibus
926 1828 1313 1894 animadverti
1362 1829 1617 1895 fortasse
1666 1827 1956 1913 potuerit,
2007 1827 2210 1893 minus
2258 1827 2649 1912 intelligantes

285 1940 485 1996 autem
533 1928 788 1998 latuerit.
875 1932 944 1998 ln
973 1932 1193 2010 horum
1241 1941 1440 1998 autem
1481 1951 1736 1998 numero
1774 1933 1957 1996 etiam
1993 1950 2204 1997 eorum
2241 1950 2370 1997 non
2420 1946 2649 2017 pauca

286 2036 475 2101 luisse
502 2035 810 2102 fatendum
841 2038 970 2115 erit,
999 2037 1100 2122 qui
1128 2038 1191 2102 in
1217 2036 1555 2102 ediscendis
1582 2044 1644 2101 et
1670 2036 1988 2102 recitandis
2010 2035 2260 2102 Homeri
2288 2036 2649 2103 carminibus

286 2140 397 2205 toti
426 2143 703 2225 occupati
740 2151 927 2207 mut.
1015 2142 1169 2206 Nam
1197 2160 1231 2206 a
1268 2141 1593 2225 rhapsodis
1632 2140 1818 2206 multa
1846 2140 2189 2206 Nitzsebius
2228 2141 2652 2207 admixtausse

286 2244 371 2311 ait
394 2245 615 2329 partim
643 2265 715 2310 ex
744 2245 877 2311 aliis
908 2245 1272 2311 carminibus
1300 2228 1765 2330 antiquioribus,
1796 2262 2057 2328 quorum
2085 2263 2217 2310 non
2244 2263 2488 2311 omnem
2517 2264 2648 2311 me-
2732 2234 2743 2243 ’

286 2349 544 2415 moriam
574 2349 1034 2415 numericorum
1075 2350 1307 2416 claritas
1337 2349 1772 2426 obscuraverit,
1802 2349 2019 2435 partim
2044 2349 2169 2414 ab
2151 2350 2303 2435 ipsis
2330 2350 2513 2427 iacta,
2543 2350 2650 2416 sed

287 2457 359 2521 ad
395 2455 585 2533 illam,
620 2474 801 2539 quam
832 2455 1131 2521 Homerus
1170 2457 1235 2521 in
1271 2466 1473 2521 mente
1511 2455 1806 2532 habuerit,
1847 2456 2107 2532 sormam
2141 2455 2329 2520 totius
2368 2456 2650 2521 minis

288 2578 412 2625 non
444 2559 592 2625 satis
630 2559 1105 2625 accommodata.
1182 2559 1448 2644 Denique
1497 2569 1891 2644 posteaquam
1932 2560 2206 2642 dispersa
2258 2559 2353 2624 illa
2379 2560 2650 2628 membra

288 2664 481 2748 colligi
503 2663 850 2748 scriptoque
873 2664 1215 2747 consignari
1244 2675 1304 2729 et
1328 2664 1393 2728 in
1417 2682 1606 2728 unum
1637 2682 1861 2748 corpus
1890 2663 2175 2746 coniungi
2196 2673 2405 2748 coepta
2426 2675 2650 2745 ment,

286 2787 411 2834 non
441 2786 629 2853 pauca
657 2767 1003 2834 huiusmodi
1033 2769 1478 2853 rhapsodorum
1509 2767 1913 2833 additamenta
1940 2786 2257 2852 perperam
2283 2768 2348 2834 in
2379 2770 2651 2836 ordinem

184 2913 189 2916 Α
286 2881 556 2957 recepta,
605 2873 831 2956 aliaque
881 2871 1059 2937 etiam
1109 2872 1338 2956 passim
1379 2873 1576 2938 addita
1627 2890 1763 2938 esse
1800 2871 1876 2937 ab
1924 2871 2079 2956 ipsis
2124 2874 2653 2959 compositoribus,

286 2974 509 3058 quibus
537 2975 754 3040 additis
778 2974 1142 3059 apertiorem
1173 2977 1303 3041 sore
1340 2976 1708 3060 singularum
1748 2977 2009 3060 partium
2035 2976 2193 3044 inta-
2230 2997 2298 3043 se
2325 2981 2652 3045 connexio-

288 3098 428 3144 nem
480 3087 873 3163 mutuamque
922 3073 1273 3145 relationem
1331 3079 1679 3145 iudicarent.
1790 3079 2022 3145 Horum
2072 3081 2252 3164 igitur
2299 3083 2652 3166 placitorum

286 3184 569 3268 pleraque
605 3201 735 3249 non
770 3183 1020 3269 propria
1057 3183 1364 3249 Nitzschio
1418 3184 1524 3249 sed
1564 3203 1701 3250 cum
1735 3184 2098 3250 adversariis
2139 3188 2484 3254 communia
2520 3209 2657 3255 csse

287 3296 561 3373 apparet,
598 3288 914 3370 proprium
957 3298 1155 3354 autem
1196 3288 1462 3374 primum
1491 3289 1613 3354 boc
1640 3298 1761 3367 est,
1791 3288 1976 3374 quod,
2005 3308 2192 3374 quum
2220 3292 2656 3410 antiquioribus

290 3391 659 3458 carminibus
696 3392 1027 3480 Homerum
1066 3413 1247 3460 usum
1290 3413 1426 3459 esse
1466 3393 1780 3470 concedat,
1830 3393 1944 3460 illis
1982 3402 2215 3474 tamen,
2267 3396 2401 3480 qui
2413 3383 2655 3481 longius

287 3481 983 3579 ctiamprocedereausi
1013 3506 1183 3575 sunt,
1215 3496 1897 3582 utquaeetqualiailla
1927 3499 2193 3564 carmina
2231 3499 2655 3566 luerintcertis

289 3600 651 3685 quibusdam
679 3601 917 3666 indiciis
943 3621 981 3667 a
1002 3619 1070 3667 se
1097 3602 1490 3688 deprehendi,
1518 3604 1785 3688 adeoque
1824 3603 2018 3668 soluta
2044 3603 2159 3670 hac
2184 3613 2428 3671 nostrae
2454 3604 2650 3672 Iliadis
2685 3618 2747 3673 21

289 3724 581 3790 compage
606 3704 873 3789 priscam
899 3714 960 3770 et
978 3707 1233 3772 nativam
1263 3715 1477 3774 eorum
1510 3710 1766 3774 sormam
1789 3707 2168 3792 aliquatenus
2189 3707 2398 3774 saltem
2425 3710 2659 3777 restimi

290 3829 479 3895 posse
516 3819 853 3894 spa-arent,
891 3811 1216 3877 fortissime
1255 3812 1496 3877 obsistit
1521 3813 1818 3896 longeque
1833 3827 1954 3878 eos
1983 3833 2018 3877 a
2046 3832 2185 3879 vera
2220 3814 2452 3880 ratione
2480 3815 2654 3880 aber·

288 3934 463 3981 rasse
510 3914 833 3980 contendit.
920 3915 1048 3998 Ego
1087 3911 1186 3981 me
1221 3917 1301 3982 ab
1334 3915 1572 3982 illorum
1611 3926 1773 3983 secta
1809 3935 1933 3983 uon
1970 3927 2285 4003 tantopere
2334 3919 2657 3985 abbam

288 4020 607 4105 profiteor,
655 4018 929 4101 quamvis
959 4018 1024 4083 in
1058 4020 1443 4086 Lachmanni·
1476 4029 1927 4106 ceterorumque
1976 4021 2479 4105 disputationibus
2529 4019 2655 4089 non

289 4143 481 4208 panca
509 4122 658 4189 mibi
690 4123 965 4208 cupidius
994 4144 1173 4207 quam
1203 4126 1401 4190 verius
1430 4127 1631 4211 posita
1660 4146 1796 4191 csse
1814 4127 2145 4204 videantur,
2174 4144 2369 4210 neque
2395 4128 2652 4212 despero

290 4231 441 4305 fore,
470 4237 540 4294 ut
567 4228 620 4295 si
648 4228 785 4313 quis
814 4228 958 4295 satis
988 4237 1159 4295 caute
1185 4248 1259 4294 ac
1283 4231 1612 4314 prudenter
1639 4233 1951 4314 procedat,
1981 4230 2202 4315 aliquid
2231 4232 2376 4298 certi
2403 4244 2464 4298 ct
2490 4235 2655 4319 quod

290 4334 693 4401 demuma-an·
745 4334 891 4400 satis
952 4334 1255 4399 evidenter
1303 4336 1529 4419 possit,
1587 4336 1840 4404 tandem.
1897 4335 2249 4401 inveniatur.
2309 4372 2401 4387 -
2459 4338 2652 4405 Porro
