3102 4866
1377 298 1496 364 141

262 484 519 550 docendi
547 494 707 564 sunt,
736 506 916 571 quam
945 488 1152 554 multis
1181 506 1479 572 quamque
1504 485 1782 570 gravibus
1813 486 2012 551 omnis
2041 485 2273 570 generis
2304 494 2622 570 corrupte-

256 589 336 653 lis
365 608 579 655 omnes
621 577 743 656 fere
769 593 1045 678 Aeschyli
1079 592 1691 676 tragoediae'afl'ectae
1721 591 1873 668 sint,
1907 610 2205 675 quamque
2232 591 2457 656 multae
2483 610 2635 655 sae-.
2743 629 2764 652 .

258 711 592 775 penumero
641 696 1002 761 mutationes
1040 697 1104 761 in
1141 700 1473 780 paucorum
1515 695 1832 761 verborum
1881 695 2109 760 ambitu
2147 696 2448 761 faciendae
2483 694 2623 772 sint,

260 796 339 861 ad
368 799 638 880 speciem
658 802 916 865 fortasse
944 802 1214 880 audaces,
1243 822 1457 885 reapse
1481 807 1683 868 autem
1713 809 1909 865 certae
1936 810 1997 863 et
2020 799 2408 864 necessariae.
2468 798 2620 863 Nam

258 919 391 964 non
419 902 618 967 solum
652 903 838 968 levius
868 903 1012 968 illud
1051 913 1111 968 et
1146 904 1495 972 tralaticium
1527 924 1716 988 genus
1745 904 2025 969 vitiorum
2065 903 2130 968 in
2157 903 2426 987 Aeschyli
2454 903 2624 968 codi-

227 1005 433 1099 ncibus
461 1006 881 1090 corrigendum
911 1019 1030 1086 est,
1072 1008 1237 1092 quod
1273 1008 1602 1074 litterarum
1640 1015 1743 1073 aut
1777 1005 2130 1090 syllabarum
2170 1007 2450 1072 similium
2480 1026 2622 1092 per-
2732 1064 2738 1069 .

258 1110 594 1175 mutatione
622 1123 724 1176 aut
749 1131 932 1194 prava
961 1111 1388 1177 vocabulorum
1418 1112 1868 1191 coniunctione,
1908 1121 2011 1176 aut
2035 1111 2357 1176 verborum
2388 1130 2460 1175 ac
2487 1130 2622 1176 ver-
2697 1130 2705 1145 ·

259 1232 443 1276 suum
489 1215 583 1279 vel
631 1215 964 1280 omissione
1009 1216 1101 1280 vel
1146 1215 1621 1299 transpositione
1667 1215 1914 1299 aliisque
1967 1213 2263 1283 eiusmodi
2314 1213 2622 1311 erroribus

258 1325 515 1394 constat,
546 1336 580 1381 a
610 1317 827 1401 quibus
857 1340 935 1384 ne
962 1320 1168 1384 attenti
1198 1319 1439 1403 quidem
1462 1318 1687 1383 librarii
1717 1319 1862 1384 satis
1892 1318 2004 1383 tuti
2034 1317 2413 1396 esse'solent,
2440 1337 2629 1401 prae-0

256 1419 468 1487 sertim
497 1440 686 1504 quum
716 1423 1064 1489 describunt
1089 1442 1244 1507 quae
1282 1422 1398 1507 ipsi
1427 1441 1557 1486 non
1585 1422 1937 1506 intelligunt,
1970 1422 2029 1486 id
2058 1422 2221 1506 quod
2250 1423 2315 1486 in
2341 1422 2614 1505 Aeschyli
2649 1434 2685 1487 4

256 1523 472 1587 fabulis
510 1543 943 1607 saepenumero
993 1526 1282 1592 accidisse
1330 1544 1511 1589 nemo
1561 1524 1907 1604 mirabitur-3
1954 1526 2059 1590 sed
2099 1526 2209 1591 alia
2258 1526 2444 1591 multa
2480 1532 2624 1590 sunt

256 1610 560 1709 aliquanto
605 1629 874 1710 graviora
930 1640 989 1695 et
1030 1630 1106 1695 ad
1152 1628 1594 1705 emendandum
1647 1628 1993 1692 difficiliora.
2066 1628 2324 1693 Horum·
2357 1628 2620 1713 primum

258 1748 452 1812 genus
483 1751 518 1794 e
545 1732 873 1815 scripturae
901 1732 1276 1817 compendiis
1309 1742 1509 1796 ortum
1540 1740 1652 1796 est.
1713 1733 1976 1816 Apparet
2002 1733 2255 1798 enimin
2287 1753 2359 1798 eo
2390 1734 2618 1812 codice,

169 1836 176 1842 '
257 1834 422 1898 unde
451 1836 650 1900 nostri
700 1840 913 1901 omnes
952 1837 1194 1902 derivati
1224 1847 1392 1916 sunt,
1435 1854 1869 1918 saepenumero
1910 1854 2033 1900 non
2072 1835 2302 1920 integra
2338 1838 2621 1903 vocabula

258 1939 543 2005 omnibus
580 1940 794 2006 litteris
834 1942 1168 2025 perscripta
1197 1941 1414 2017 misse,
1457 1939 1565 2004 sed
1602 1947 1835 2022 partem
1864 1940 2181 2024 quandam,
2207 1941 2394 2006 modo
2425 1949 2621 2006 extre-

255 2060 420 2106 mam
460 2044 645 2109 modo
685 2045 974 2124 mediam,
1016 2047 1304 2112 omissam
1344 2053 1403 2109 et
1438 2043 1608 2126 siglis
1647 2051 1880 2108 tantum
1910 2053 2174 2108 notatam
2197 2046 2288 2123 ¹),
2327 2064 2477 2128 quae
2515 2045 2622 2109 ubi
2656 2034 2663 2039 ’

255 2155 362 2210 aut
389 2148 669 2212 deessent
694 2158 797 2213 aut
823 2149 1262 2232 negligerentur
1289 2159 1393 2214 aut
1414 2167 1591 2213 secus
1622 2147 2047 2231 acciperentur,
2075 2148 2409 2230 permultos
2430 2158 2620 2232 pepess

253 2258 466 2315 rerunt
489 2250 869 2315 librariorum
901 2271 1170 2330 errores,
1203 2272 1428 2336 eosque
1455 2269 1892 2335 nonnunquam
1922 2252 2093 2327 tales,
2120 2259 2192 2315 ut
2220 2251 2422 2317 omnis
2446 2251 2620 2316 loco·

255 2369 395 2415 rum
437 2353 731 2418 sententia
782 2363 1112 2420 mutaretur
1141 2365 1200 2420 et
1227 2362 1682 2440 perverteretur.
1769 2354 1948 2420 Peius
1978 2357 2154 2421 etiam
2186 2375 2376 2439 genus
2406 2375 2620 2421 corru-

253 2455 569 2539 ptelarum,
590 2467 652 2522 et
679 2459 839 2542 quod
871 2447 1098 2525 facilius
1128 2461 1326 2525 fallere
1354 2460 1570 2544 possit,
1601 2479 1675 2523 ex
1700 2460 2239 2544 interpretamentis
2270 2470 2476 2526 natum
2505 2471 2618 2536 est,

253 2578 446 2642 quum
485 2579 636 2644 quae
671 2572 774 2626 aut
812 2562 1103 2628 obscurae
1139 2564 1384 2629 alicuius
1423 2572 1526 2628 aut
1562 2563 1878 2629 inusitatae
1922 2563 2200 2628 dictionis
2241 2565 2619 2648 explicandae

254 2683 436 2729 causa
464 2665 539 2729 ab
567 2664 770 2749 aliquo
801 2677 1144 2732 enarrator-e
1173 2668 1470 2751 adscripta
1510 2675 1710 2744 erant,
1740 2677 1945 2751 posta
1973 2667 2227 2732 librariis
2257 2688 2372 2752 pro
2403 2688 2616 2734 emen-

254 2766 595 2832 dationibus
623 2767 986 2835 haberentur
1014 2770 1395 2854 expulsisque
1425 2770 1702 2864 genuinis
1733 2770 1796 2835 in
1827 2772 2164 2836 orationem
2193 2781 2406 2855 poetae
2430 2772 2618 2837 infer-
2658 2827 2662 2832 .

251 2878 465 2936 rentur
479 2875 561 2950 ²).
619 2873 888 2938 Accessit
925 2874 1184 2958 denique
1221 2886 1631 2940 correctorum
1661 2876 1815 2941 mala
1844 2876 2155 2954 sedulitas,
2184 2877 2288 2960 qui
2311 2895 2499 2960 quum
2530 2877 2617 2940 vi·

398 3044 446 3111 1)
482 3041 730 3098 Tirenum
764 3062 918 3099 causa
949 3046 1146 3116 aliquot
1175 3048 1562 3101 decurtatos-um
1594 3048 1960 3103 vocabulorum
2006 3049 2239 3119 exempl·
2269 3063 2518 3119 apponam
2550 3065 2617 3103 cx
2685 3032 2709 3039 ’

247 3130 401 3184 buius
423 3129 586 3200 ipsius
605 3129 807 3184 subulae
832 3132 1091 3186 codicibus
1116 3133 1479 3203 superstitibus
1504 3142 1740 3202 enotata,
1765 3137 1901 3189 unde
1925 3143 2239 3203 cognoscent
2261 3136 2445 3191 saltem
2468 3136 2620 3206 quale

249 3218 325 3271 sit
347 3218 444 3270 hoc
478 3233 639 3285 genus
675 3212 1099 3289 corruptelarum.
1148 3219 1236 3273 Sic
1268 3220 1429 3287 igitur
1448 3220 1595 3284 λέξει
1616 3239 1669 3276 v.
1692 3222 1777 3276 38.
1804 3240 1897 3293 pro
1930 3224 2137 3285 λέξειεν
2158 3231 2243 3277 est
2263 3224 2314 3277 in
2338 3225 2451 3278 cod.
2476 3223 2619 3291 Flor,

247 3304 597 3378 παλίντροπ.
625 3320 704 3373 pr.
729 3301 1148 3378 παλιντρόποις
1169 3322 1222 3359 v.
1242 3305 1363 3359 745.
1382 3307 1434 3359 in
1454 3306 1629 3375 Fero„
1653 3303 1912 3383 πρόπαρ.
1931 3325 2008 3378 pr.
2036 3305 2397 3385 προπάροιθ’
2425 3327 2477 3365 v.
2496 3310 2616 3364 982.

247 3390 302 3442 in
328 3387 473 3443 Flor.
496 3383 701 3445 ταλάῖν
721 3407 797 3460 pr.
825 3390 1094 3451 ταλαίνας
1115 3408 1166 3444 v.
1191 3391 1345 3445 1102.
1366 3393 1416 3445 in
1437 3392 1567 3447 Ven.
1588 3402 1645 3447 et
1666 3394 1811 3449 Flor.
1835 3391 2027 3476 nipast
2036 3414 2114 3466 pr.
2135 3392 2369 3471 νύμφας
2389 3415 2442 3452 v.
2465 3397 2616 3453 1138.

216 3537 231 3548 .
248 3478 303 3529 in
327 3475 528 3529 iisdem.
573 3474 824 3546 Imprimis
848 3492 1004 3546 saepe
1027 3478 1388 3532 vocabulorum
1422 3481 1597 3533 exitus
1620 3489 1835 3551 propter
1857 3484 2152 3553 compendia
2183 3485 2458 3554 permutati
2483 3492 2621 3551 sunt,

245 3568 311 3615 ut
332 3577 385 3614 v.
413 3561 532 3614 115.
553 3563 914 3634 βοσκομένην
945 3564 999 3616 in
1022 3563 1179 3618 rm.
1202 3580 1297 3634 pro
1330 3569 1750 3637 βοσκομένους,
1784 3585 1837 3622 v.
1865 3568 1985 3623 435.
2008 3568 2240 3645 ἐχθροῖν
2258 3588 2337 3640 pr.
2360 3567 2547 3645 ἐχθρά
2570 3573 2621 3625 in

247 3648 448 3715 eodem,
470 3663 523 3702 v.
551 3648 671 3701 71¹1.
697 3649 909 3720 πικροῦ
931 3667 1010 3719 pr.
1034 3646 1246 3727 πικράς
1266 3652 1320 3706 in
1341 3651 1485 3706 Flor.
1511 3669 1576 3705 ne
1597 3655 1663 3707 de
1689 3654 1753 3708 iis
1776 3656 1966 3725 dicam,
1992 3656 2086 3710 ubi
2102 3658 2380 3712 similitudo
2414 3659 2622 3713 litters·

249 3750 370 3788 rnm
392 3734 784 3805 permutationis
807 3751 965 3790 causa
984 3736 1097 3794 ruit.
1121 3763 1130 3774 ·

387 3839 441 3907 2)
479 3839 609 3894 Hinc
630 3848 717 3894 est
740 3842 874 3910 quod
896 3858 950 3895 v.
980 3841 1095 3895 110.
1122 3859 1297 3897 omnes
1333 3844 1536 3898 codices
1572 3846 1764 3900 babent
1785 3846 1952 3908 δίκας
1975 3829 2263 3924 πράκτορι
2284 3867 2377 3920 pro
2400 3865 2464 3903 eo
2488 3851 2622 3920 quod

244 3926 568 3980 normannus
593 3926 861 3980 verissime
895 3928 1130 3982 restituit
1158 3924 1446 4003 πράκτορι
1482 3932 1719 4001 ποινᾶς,
1756 3935 1877 3987 item
1909 3951 1960 3989 v.
1996 3934 2081 3988 98.
2108 3938 2298 3990 εἰπεῖν
2318 3953 2413 4007 pro
2438 3937 2624 3991 dvctv

248 4012 442 4080 (αἱνεῖ)
477 4011 620 4067 Flor.
654 4020 710 4066 et
740 4011 896 4065 Furn-
929 4030 981 4067 ν.
1019 4013 1138 4068 103.
1193 4012 1597 4090 θυμοφθόρον
1626 4034 1705 4088 pr.
1738 4017 2079 4094 θυμοβόρου
2102 4015 2240 4074 Med'.
2262 4038 2316 4075 v.
2345 4021 2460 4075 184.
2494 4017 2621 4094 Ἀρ·-

244 4103 424 4170 retur
443 4115 523 4169 pr.
557 4094 796 4173 Ἄργους
819 4115 1010 4167 omnes,
1033 4117 1086 4154 v.
1114 4102 1234 4156 202.
1259 4100 1410 4173 αὐδᾷ
1433 4121 1511 4173 pr.
1538 4104 1686 4176 ὀργᾷ
1710 4105 1926 4176 Guelpb.
1953 4115 2009 4161 et
2029 4107 2205 4176 Fara„
2229 4125 2281 4162 v.
2307 4107 2434 4162 207.
2453 4103 2622 4180 dryt-

247 4186 355 4239 λου
385 4203 465 4257 pr.
499 4182 765 4260 ἀγγάρου
789 4202 989 4250 onnes,
1015 4203 1067 4241 v.
1093 4188 1213 4243 403.
1237 4184 1402 4252 δόξαι
1424 4206 1505 4260 pr.
1532 4189 1711 4245 δοκαί
1738 4207 1941 4260 omnes,
1975 4208 2028 4246 ν.
2051 4194 2173 4247 4⁰5.
2210 4191 2622 4268 παραλλάξασα

117 4335 127 4344 ,
251 4288 334 4342 pr.
359 4272 700 4348 παραλλαγᾷ
722 4289 914 4343 onnes,
937 4290 991 4328 v.
1015 4273 1134 4328 527.
1155 4271 1449 4348 τυράννων
1469 4294 1549 4348 pr.
1574 4271 1859 4352 κοιράνων
1879 4278 2042 4346 mor„
2064 4297 2119 4334 v.
2141 4281 2294 4336 1087.
2318 4275 2517 4338 τύπτει
2537 4298 2616 4353 pr.

246 4361 418 4416 θενεῖ
434 4376 628 4431 onnes,
650 4378 705 4417 v.
733 4360 887 4415 1123.
912 4354 1166 4434 δήγματι
1185 4378 1267 4433 pr.
1291 4359 1461 4420 δάκει
1480 4381 1679 4420 omnes.
