3102 4866
1399 272 1574 338 163·

231 482 240 490 ·
282 460 665 527 Her-mannus
693 471 854 527 recte
874 464 1114 547 quidem
1142 464 1438 543 intellexit,
1467 458 1708 531 πειθώ
1729 460 2003 548 μολπᾶν
2029 464 2147 529 isto
2170 458 2490 529 sensudici
2516 476 2647 541 non

282 564 577 647 potuisse,
605 563 861 651 ideoque
880 562 1118 633 πειθώ
1145 567 1579 634 nominativum
1603 587 1738 633 esse
1760 567 1967 634 statuit
1987 575 2048 632 et
2068 565 2231 631 verbi
2250 552 2649 629 καταπνείει

284 667 651 747 subiectum,
691 671 786 739 cui
815 690 927 755 pro
959 671 1189 737 obiecto
1218 665 1509 754 μολπάν,
1535 673 1874 739 acmsativo
1905 690 2068 750 casu,
2096 668 2391 752 adiungit,
2435 669 2544 734 md
2572 668 2650 746 ‚de

282 772 660 857 reliquorum
703 775 1022 848 verborum
1067 778 1357 843 sententia
1400 797 1527 843 non
1566 796 1933 872 magnopem
1973 796 2013 856 a⁴
2037 775 2294 847 Franzio
2333 774 2648 858 discrepat.

283 876 443 942 Nam
476 867 688 944 α’λκάν
715 880 932 964 etipse
960 881 1035 945 de
1062 881 1235 959 bello,
1265 873 1479 951 αἶῶνα
1509 873 1687 971 ἀλκᾷ
1708 866 2073 969 σύμφυτον
2088 878 2162 944 de
2190 887 2461 963 tempore
2488 876 2647 951 acci-

286 982 379 1066 pit
406 983 569 1066 quod
600 983 753 1049 beno
784 985 918 1049 fatis
949 986 1328 1069 praefinitum
1358 987 1456 1066 sit,
1487 987 1996 1053 constructionem
2019 1003 2159 1050 vero
2190 983 2345 1048 hanc
2370 1001 2506 1048 esse
2532 999 2651 1066 pu·

287 1094 405 1164 tat,
443 1098 514 1153 ut
544 1077 723 1176 ἅλκᾷ
751 1082 1098 1178 σύμφυτος
1127 1083 1294 1156 αἰών
1320 1111 1430 1175 per
1457 1092 1899 1177 appositionem
1937 1089 2231 1154 adiectum
2275 1089 2353 1153 sit
2392 1086 2466 1151 ad
2498 1083 2652 1151 netss

289 1183 426 1268 θώ,
458 1210 579 1274 quo
610 1191 973 1275 significetur
998 1194 1059 1259 id
1089 1213 1213 1278 quo
1243 1196 1468 1261 nitatur
1495 1217 1563 1261 ea
1593 1196 1826 1275 fiducia.
1912 1194 1998 1260 De
2025 1191 2377 1259 huiusmodi
2404 1191 2652 1275 apposi-

290 1295 457 1359 tione
485 1294 628 1378 quid
658 1296 752 1361 alii
778 1300 1020 1365 sensuri
1050 1299 1177 1364 sint
1204 1300 1441 1364 nescio:
1477 1300 1629 1365 mihi
1659 1301 1901 1385 quidem
1928 1299 2025 1364 vix
2053 1296 2348 1364 credibilis
2390 1313 2528 1360 esse
2562 1295 2651 1358 vi-
2692 1343 2699 1349 .

290 1399 483 1463 detur.
558 1399 801 1477 Deinde,
832 1413 899 1467 ut
928 1404 1130 1487 possit
1156 1394 1330 1468 ἀλκά
1358 1405 1434 1469 de
1460 1404 1617 1469 bello
1650 1399 2650 1489 accipi,—quamquamlocorum‚

287 1504 395 1569 ubi
423 1504 513 1568 sic
539 1505 727 1589 accipi
754 1514 984 1589 potest,
1021 1507 1180 1573 velut
1207 1509 1372 1592 Sept.
1415 1509 1510 1573 ad.
1544 1508 1732 1575 Theb.
1768 1528 1818 1573 v.
1852 1507 1978 1575 855
2010 1506 2384 1588 aliorumque
2419 1502 2496 1567 ab
2522 1501 2652 1566 aliis

289 1608 609 1677 citatorum
640 1610 869 1675 diversa
900 1620 1097 1677 tamen
1128 1613 1202 1677 ab
1231 1613 1349 1682 hoc
1377 1622 1590 1678 nostro
1619 1612 1769 1678 ratio
1802 1620 1921 1688 est;
1963 1611 2068 1676 sed
2098 1610 2219 1675 hoc
2245 1626 2409 1673 nunc
2438 1606 2646 1690 dispu-

285 1723 421 1779 tare
449 1731 576 1778 non
603 1723 796 1792 vacat,
825 1750 914 1763 —
944 1724 1101 1781 certe
1129 1706 1308 1806 ἆλκᾷ
1335 1709 1684 1805 σύμφυτον
1706 1706 1927 1788 ,αἰῶνα
1960 1716 2157 1793 „satis
2187 1713 2407 1779 usitato
2438 1704 2654 1794 g’enere
2688 1722 2751 1775 21

285 1818 586 1894 dicendi,“
613 1827 683 1882 ut
700 1819 1080 1885 normannus
1109 1829 1398 1897 autumat,
1427 1821 1503 1885 de
1532 1830 1804 1905 tempore
1824 1820 1961 1885 ratis
1989 1819 2064 1884 ad
2094 1819 2319 1912 bellum
2340 1814 2655 1902 perficien-

285 1922 440 1986 dum
485 1921 779 1987 destinato
825 1923 941 1989 dici
976 1925 1251 2008 potuisse
1288 1943 1600 2008 nunquam
1641 1926 1911 2001 credam,
1963 1943 2159 2007 neque
2198 1942 2349 2006 quae
2387 1921 2464 1987 ab
2502 1920 2657 1985 Her-

286 2044 519 2090 manno
561 2026 636 2091 ad
673 2026 1190 2109 comprobandam
1233 2030 1391 2094 hanc
1427 2029 1986 2112 interpretationem
2012 2027 2284 2110 exempla
2328 2026 2658 2090 afferuntur

288 2130 625 2214 quidquam
662 2130 1069 2195 similitudinis
1107 2132 1329 2197 habere
1368 2133 1662 2197 existimo.
1758 2133 1993 2196 Horum
2027 2131 2282 2195 alterum
2336 2138 2430 2194 est
2465 2128 2655 2211 Soph.

289 2234 441 2299 Oed.
469 2234 597 2299 Col.
626 2254 681 2297 -ν,
716 2235 782 2297 7:
820 2229 1127 2320 στέργειν
1153 2231 1280 2325 γὰρ
1310 2227 1386 2303 αὶ
1415 2230 1657 2302 andem
1677 2256 1766 2318 με
1790 2226 1886 2318 xo'
1915 2227 2150 2322 χρόνος
2173 2227 2383 2314 ξυνών
2402 2226 2656 2321 μακρὸς

290 2330 644 2403 διδάσκεις
695 2339 858 2422 atqui
886 2340 1045 2404 aliud
1074 2348 1169 2406 est
1196 2334 1430 2419 ξυνών,
1483 2339 1640 2405 aliud
1673 2333 2041 2428 σύμφυτος,
2080 2338 2241 2404 aliud
2283 2345 2377 2403 est
2416 2347 2657 2425 tempus

290 2461 435 2507 cum
463 2461 530 2507 re
557 2445 964 2522 coniunctum,
996 2445 1123 2510 sive
1151 2465 1260 2529 per
1287 2446 1452 2529 quod
1481 2465 1551 2509 ea
1578 2464 1675 2510 res
1706 2444 2055 2529 permansit,
2080 2443 2246 2508 aliud
2266 2451 2471 2508 autem
2498 2450 2658 2525 tem-

291 2548 415 2611 bus
467 2546 554 2612 rei
603 2548 877 2612 nondum
928 2557 1202 2633 peractae
1263 2550 1368 2615 sed
1419 2549 1619 2620 adhuc
1667 2546 2036 2633 peragendae
2081 2547 2215 2611 fatis
2261 2544 2660 2630 praefinitum.

291 2649 564 2714 Alterum
604 2651 938 2736 exemplum
978 2661 1073 2716 est
1095 2652 1247 2718 Oed.
1287 2653 1358 2717 R.
1390 2673 1444 2717 v.
1495 2651 1690 2718 1082:
1746 2643 1813 2718 οἱ
1851 2646 1929 2716 δὲ
1963 2649 2297 2736 συγγενεῖς
2336 2644 2539 2736 μῆνές
2580 2670 2667 2731 με

292 2750 541 2841 μικρὸν
567 2749 687 2820 καὶ
715 2749 923 2842 μέγαν
953 2750 1304 2843 διώρισαν,
1344 2757 1446 2822 ubi
1475 2756 1807 2841 συγγενεῖς
1833 2751 2039 2843 μῆνες
2067 2765 2211 2820 sunt
2237 2773 2486 2820 menses
2515 2752 2667 2818 vitae

290 2877 468 2924 meae
496 2860 800 2943 aequales,
853 2860 955 2944 qui
993 2881 1092 2926 me
1131 2869 1416 2931 nascente
1453 2869 1812 2946 coeperunt,
1845 2860 2015 2943 quasi
2057 2879 2297 2937 mecum
2338 2857 2463 2923 nati
2505 2866 2666 2933 sunt,

292 2981 534 3047 unaque
581 2983 820 3029 mecum
871 2967 1256 3031 adoleverunt
1293 2977 1754 3049 creveruntque,
1802 2981 1934 3028 non
1974 2972 2170 3028 autem
2219 2980 2465 3028 menses
2519 2960 2667 3026 vitae

295 3086 469 3132 meae
495 3067 630 3133 fatis
659 3069 971 3152 praefiniti.
1060 3064 1420 3158 Σύμφυτον
1462 3079 1660 3136 autem
1676 3116 1693 3145 ,
1734 3067 1975 3151 pra'eter
2011 3067 2325 3150 propriam
2366 3064 2664 3147 significa-

295 3171 544 3251 tionem,
576 3172 652 3237 de
680 3192 754 3238 eo
785 3172 1019 3249 dicitur,
1051 3176 1213 3257 quod
1245 3193 1384 3240 cum
1414 3175 1603 3239 altero
1633 3181 1847 3238 natura
1876 3191 1987 3237 sua
2018 3172 2404 3237 coniunctum
2434 3176 2548 3246 est„
2575 3167 2666 3232 vel

300 3274 466 3357 quod
495 3275 660 3340 alteri
689 3294 1019 3359 congruum
1049 3285 1231 3360 atque
1257 3287 1736 3343 consentaneum
1767 3285 1889 3352 est,
1932 3284 2003 3344 ut
2030 3285 2133 3341 aut
2161 3281 2565 3358 consequatur
2593 3292 2662 3336 ex

298 3397 400 3456 eo,
426 3387 496 3444 ut
522 3399 596 3444 ex
624 3398 802 3445 «rausa
824 3382 1094 3459 effectuS,
1123 3389 1231 3446 aut
1258 3382 1460 3465 gignat
1488 3381 1761 3459 alterum,
1790 3389 1858 3446 ut
1886 3382 2160 3445 effectum
2193 3379 2481 3458 cmsaP).
2547 3374 2669 3441 Ita·

444 3702 497 3771 8)
533 3703 621 3758 Sic
642 3704 805 3773 iufra,
838 3722 890 3758 v.
929 3703 1054 3772 141,
1100 3702 1391 3773 Iphigeniae
1432 3702 1739 3757 sacrificium
1764 3701 1979 3756 Calchas
2010 3704 2137 3757 dicit
2167 3701 2409 3760 νεικέων
2430 3701 2674 3762 πέπονα

304 3786 642 3862 σύμφυτον,
670 3807 745 3845 ex
770 3808 867 3861 quo
893 3791 1336 3862 Clytaemnestra
1365 3791 1533 3843 odium
1560 3806 1687 3858 erga
1708 3791 1945 3844 maritum
1980 3790 2128 3861 quasi
2162 3789 2472 3843 naturaliter
2507 3794 2677 3859 ortum

300 3886 404 3931 est.
443 3877 756 3948 Magnopere
780 3879 912 3931 enim
938 3878 1203 3945 falluntur,
1228 3878 1315 3948 qui
1339 3880 1436 3931 hoe
1459 3893 1556 3947 per
1576 3878 1883 3947 hypallagen
1910 3878 2100 3931 dietum
2124 3878 2309 3932 volunt
2331 3892 2425 3947 pro
2447 3873 2681 3942 νεικέων

303 3957 645 4036 συμφύτων,
685 3965 836 4034 idque
860 3965 922 4017 de
960 3966 1130 4018 odiis
1164 3965 1340 4018 inter
1373 3971 1693 4031 cognatos
1730 3965 2155 4034 interpretantur.
2223 3963 2405 4033 Neque
2430 3962 2566 4014 euin
2589 3975 2680 4012 eo·

304 4052 448 4117 gnati
475 4047 833 4124 (σύμφυτοι)
868 4053 1005 4106 inter
1037 4067 1095 4105 se
1119 4051 1329 4105 suerum
1352 4053 1662 4118 Agamemno
1697 4059 1754 4105 et
1785 4051 2215 4121 Clytaemnestra.
2261 4048 2477 4103 Rectius
2501 4046 2680 4116 hypal—
2770 4061 2784 4093 r

305 4136 459 4204 lagen
484 4153 603 4191 esse
627 4138 855 4191 dicemus
879 4138 929 4191 in
951 4138 1148 4204 altero,
1185 4140 1316 4209 quod
1340 4138 1411 4192 ibi
1429 4139 1660 4207 additur,
1696 4138 1924 4208 epitheto
1951 4131 2019 4190 οὗ
2044 4132 2370 4211 δεισήνορα.
2428 4134 2559 4189 Nam
2582 4147 2679 4187 ex‘-

303 4222 504 4291 pectari
525 4223 698 4293 potius
724 4222 944 4277 debebat
974 4223 1208 4278 νεικέων
1241 4220 1309 4277 οὗ
1353 4219 1721 4296 δεισηνόρων.
1792 4223 1896 4276 Sed
1919 4224 2047 4277 haec
2066 4223 2343 4293 hypallage
2368 4237 2531 4291 neque
2553 4222 2679 4274 dura

307 4324 474 4378 neque
499 4309 729 4363 insoleus
753 4317 864 4379 eet,
890 4301 1172 4380 similiaque
1198 4312 1432 4382 exempla
1459 4311 1725 4382 complura
1747 4318 1975 4365 metata
2000 4318 2122 4363 suut
2143 4310 2208 4363 ab
2233 4309 2523 4378 Ellendtio‚
2549 4307 2680 4362 Lex.

2141 4414 2267 4478 11*
