3102 4866
350 535 537 600 quam
561 516 637 582 ad
667 515 998 581 movendos
1035 513 1353 580 salubriter
1387 524 1449 581 et
1483 518 1825 581 monendos
1851 522 2285 597 comparatum.
2321 530 2329 535 ·
2368 515 2557 598 Igitur
2587 514 2714 580 buc

348 638 491 690 eut
545 621 753 684 omnia
794 619 1098 696 retulisse,
1150 627 1219 683 ut
1255 619 1723 686 admonerentur
1765 623 2024 685 heroum
2061 620 2344 703 exemplis
2388 620 2712 696 auditores,

351 743 504 807 quae
539 733 715 813 essetf
742 724 1126 789 humanitatis
1164 724 1459 801 conditio,
1493 726 1598 808 qui
1635 725 1857 790 modus
1881 725 1948 788 in
1973 724 2186 799 rebus,
2223 723 2328 806 qui
2354 724 2528 800 lines,
2554 744 2711 807 quos

353 828 561 910 medi
586 829 937 893 mortalibus
966 848 1095 893 non
1120 828 1353 906 liceret3
1380 829 1562 913 eique
1584 830 1836 894 consilio
1858 848 2047 913 quum
2076 837 2289 902 cetera,
2319 837 2449 893 tum
2470 828 2712 892 Achillis

348 932 606 997 maxime
653 951 982 1015 personam
1015 933 1528 998 accommodatam
1567 953 1724 999 esse.
1819 934 2092 1017 Proponi
2129 933 2291 997 enim
2341 933 2507 997 bunc
2539 931 2711 997 initio

349 1035 593 1120 qm’dem
621 1038 774 1101 facta
796 1037 909 1102 sibi
938 1037 1151 1102 iniuria
1166 1056 1307 1102 -non
1334 1032 1639 1103 immerito
1667 1032 1905 1114 iratum,
1934 1057 2105 1114 mox,
2144 1056 2332 1120 quum
2369 1036 2622 1101 modum
2651 1036 2713 1100 in

347 1140 439 1207 in
475 1141 719 1206 excedat
753 1150 815 1205 et
840 1159 919 1205 ne
958 1141 1342 1206 satisfacienti
1392 1142 1640 1226 quidem
1691 1143 1987 1207 cumulate
2035 1142 2377 1206 adversario
2429 1140 2713 1224 placetur,
2801 1224 2808 1230 ·

346 1245 831 1328 gravem-ipsum
870 1245 1524 1329 culpam-contrahere:
1564 1247 1726 1311 banc
1761 1246 2093 1328 graviorem
2130 1247 2260 1310 fieri
2295 1264 2398 1321 eo,
2450 1245 2617 1328 quod
2649 1244 2716 1308 in

346 1352 593 1419 §ummo
621 1367 822 1413 rerum
855 1349 1207 1414 discrimine
1231 1348 1507 1413 nonnihil
1535 1349 1806 1431 quidem,
1835 1368 2030 1432 neque
2060 1359 2260 1414 tamen
2285 1358 2574 1432 quantum
2605 1350 2713 1412 de-

348 1453 539 1529 beret,
557 1453 633 1517 de
654 1453 973 1537 pertinacia
986 1454 1264 1528 remittat,
1288 1451 1684 1535 quamobrem
1705 1471 1848 1516 mox
1870 1452 1926 1517 ei
1939 1472 2198 1536 poenam
2207 1453 2465 1535 imponi,
2485 1453 2713 1536 gravis·

348 1550 506 1621 simo
551 1557 668 1640 ipsi
708 1558 949 1622 vulnere
995 1557 1170 1622 amici
1207 1565 1401 1620 morte
1438 1556 1691 1633 inflicto,
1739 1557 1814 1620 ad
1853 1575 2033 1640 quam
2071 1556 2481 1622 vindicandam
2526 1575 2714 1640 quum

348 1680 565 1727 rursus
598 1681 783 1745 supra
812 1661 1065 1726 modum
1096 1661 1163 1724 in
1193 1661 1323 1724 eius
1351 1660 1795 1725 interfectorem
1828 1660 2140 1735 saevisset,
2168 1670 2480 1744 postremo
2512 1669 2713 1726 tamen

349 1767 601 1831 deorum
622 1766 895 1848 ipsorum
929 1765 1339 1846 obiurgatione
1360 1764 1703 1848 Priamique
1733 1766 1898 1830 senis
1920 1765 2199 1847 precibus
2219 1774 2281 1829 et
2307 1764 2715 1854 admonitione

348 1871 424 1934 ad
453 1869 926 1933 moderationem
958 1869 1372 1951 humanaeque
1403 1868 1588 1932 sorus
1618 1869 2095 1934 recordationem
2127 1868 2407 1933 revocari.
2465 1868 2715 1932 Praedi-

348 1983 493 2039 cant
514 1981 713 2037 autem
743 1992 932 2055 quum
963 1973 1312 2055 sapientiam
1343 1981 1577 2055 poetae,
1606 1971 1709 2056 qui
1737 1973 1853 2036 talc
1883 1973 2266 2055 potissimum
2296 1982 2713 2055 argumentum

348 2086 471 2142 tam
496 2097 675 2161 grave
693 2086 933 2159 tamque
956 2076 1206 2159 tragicae
1236 2076 1544 2141 cuiusdam
1576 2077 1877 2159 dignitatis
1900 2078 2144 2159 plenum
2173 2096 2249 2139 ex
2278 2077 2446 2141 omni
2466 2077 2715 2140 Troica-

347 2181 841 2247 rumfabularum
856 2179 1238 2245 multitudine
1252 2181 1371 2243 sibi
1386 2181 1760 2245 tractandum
1775 2180 2032 2263 elegerit,
2057 2190 2184 2244 tum
2202 2200 2342 2245 vero
2357 2181 2715 2264 singularem

348 2305 727 2370 prorsusque
754 2285 1014 2350 divinam
1045 2296 1232 2349 artem
1263 2284 1327 2348 in
1357 2285 1497 2368 ipsa
1525 2284 1657 2349 eius
1687 2285 2056 2349 motatione.
2146 2286 2388 2369 Quippe
2413 2286 2716 2368 ingentem

349 2410 559 2459 mum
582 2391 921 2455 varietatem
951 2389 1039 2454 sic
1066 2397 1268 2453 tamen
1296 2408 1434 2454 esse
1460 2388 1844 2473 dispositam,
1874 2396 1943 2454 ut
1971 2388 2166 2454 unitas
2195 2392 2557 2474 argumenti
2549 2408 2715 2456 --nus

353 2514 692 2581 quam-uon
721 2502 1030 2578 appareat,
1074 2494 1457 2558 secundat-ias
1490 2501 1697 2582 partes
1736 2511 1950 2558 omuoe
1988 2494 2096 2559 uni
2141 2495 2460 2577 pimariae
2494 2496 2714 2560 actioni

352 2609 500 2683 apte
518 2599 876 2683 implicatas,
906 2605 977 2662 ut
1003 2597 1057 2661 ei
1095 2598 1478 2662 illustrandae
1505 2597 1728 2662 mirum
1767 2607 2057 2680 quantum
2088 2598 2435 2677 inserviant,
2472 2609 2711 2665 acmum

351 2705 529 2787 quasi
550 2705 612 2767 in
640 2704 906 2767 dramate
932 2719 1343 2784 progressum,
1371 2710 1441 2765 ut
1468 2722 1503 2766 a
1532 2703 1762 2785 protasi
1790 2721 1900 2784 per
1926 2702 2180 2785 epitasin
2210 2702 2522 2786 variasque
2548 2705 2710 2787 peri-

351 2809 542 2892 petias
580 2808 656 2871 ad
696 2805 1117 2887 catastrophen
1155 2804 1413 2888 denique
1459 2807 1868 2889 perveniatur:
1919 2807 1983 2870 in
2022 2807 2297 2870 moribus
2325 2808 2418 2870 vel
2457 2808 2712 2872 deorum

354 2911 789 2976 vel-bominum
818 2908 1170 2990 effingendis
1199 2929 1503 2974 summam
1533 2910 1857 2975 sollertiam
1888 2921 1948 2974 et
1976 2909 2470 2993 aequabilitatem,
2511 2912 2575 2975 in
2604 2912 2711 2975 de-

351 3014 687 3082 scribendis
720 3013 904 3078 rebus
958 3023 1020 3076 et
1045 3014 1217 3095 quasi
1255 3023 1390 3078 ante
1429 3015 1640 3078 oculos
1679 3014 1977 3098 ponendis
2016 3013 2421 3079 admirabilem
2471 3017 2713 3099 perspi-

352 3118 671 3194 muntem,
689 3117 947 3199 denique
973 3117 1037 3180 in
1068 3117 1234 3180 omni
1266 3117 1555 3182 orationis
1587 3119 2061 3183 conformatione
2096 3126 2274 3200 atque
2312 3119 2518 3184 babitu
2555 3121 2712 3184 nati-

350 3230 581 3286 vamet
602 3222 898 3285 sinceram
928 3221 1276 3302 elegantiam
1307 3221 1475 3285 omni
1503 3220 1678 3285 laude
1702 3222 2010 3286 maiorem.
2096 3220 2258 3286 Haec
2284 3231 2482 3286 autem
2511 3224 2713 3286 omnia

349 3325 646 3390 mmodi
676 3344 828 3400 esse,
857 3343 1009 3406 quae
1036 3325 1189 3389 effici
1216 3325 1336 3389 nisi
1366 3326 1545 3390 unius
1577 3326 1800 3390 summi
1829 3334 2044 3408 poetae
2073 3326 2311 3408 ingenio
2342 3344 2466 3390 non
2497 3333 2713 3409 potue·

346 3430 495 3534 rint,
520 3429 641 3512 qui
636 3430 790 3494 licet
813 3429 1065 3493 aliorum
1096 3439 1409 3512 poetarum
1440 3428 1847 3494 carminibus
1829 3446 1893 3493 m
1924 3429 2124 3511 operis
2150 3432 2245 3494 sui
2276 3430 2716 3513 compositione

351 3525 509 3598 usus
532 3533 641 3609 sit,
659 3568 746 3583 --
768 3533 937 3598 cuius
967 3533 1051 3597 rei
1082 3533 1309 3616 passim
1339 3534 1556 3599 indicia
1576 3534 2073 3616 deprehendi—
2096 3535 2183 3598 sic
2211 3543 2409 3600 tamen
2439 3537 2512 3600 iis
2533 3554 2712 3600 nsum

254 3635 259 3638 ’
350 3658 511 3713 ame,
540 3647 605 3702 ut
632 3649 706 3702 ‘ex
735 3638 942 3703 alienis
972 3657 1103 3702 sua
1112 3638 1349 3714 faceret,
1380 3656 1556 3702 suam
1585 3638 1657 3701 iis
1686 3646 1895 3701 notam
1923 3637 2313 3720 imprimeret,
2341 3659 2514 3703 suam
2542 3641 2716 3724 quasi

285 3771 316 3817 ρ
352 3742 614 3807 mimam
642 3742 977 3826 impu-aret.
1037 3743 1231 3824 Atque
1257 3741 1346 3806 sic
1374 3749 1599 3805 tautam
1630 3741 1889 3806 evasisse
1914 3740 2111 3806 iliadis
2141 3743 2446 3820 unitatem,
2477 3752 2716 3826 tamque

349 3846 824 3912 indissolubilem
852 3845 1109 3928 partium
1141 3864 1519 3928 compagem,
1556 3854 1625 3909 ut
1653 3846 1706 3910 si
1736 3847 1874 3928 quis
1902 3846 2060 3908 banc
2084 3864 2120 3909 a
2148 3864 2213 3909 se
2239 3846 2486 3911 dissolvi
2516 3848 2713 3912 vario-

348 3969 631 4034 rumque,
678 3970 842 4033 quae
873 3950 1093 4014 intexta
1136 3950 1284 4025 sint,
1329 3949 1660 4014 carminum
1706 3949 2008 4031 antiquam
2053 3957 2114 4013 et
2153 3951 2409 4014 nativam
2454 3953 2710 4016 formam

349 4055 593 4137 agnosci
624 4074 806 4138 posse
835 4054 1121 4130 confidat,
1162 4090 1253 4103 --
1280 4055 1341 4118 id
1372 4055 1533 4137 quod
1563 4054 1987 4119 Lacbmaunus
2023 4054 2239 4138 aliique
2266 4056 2624 4130 voluerunt,
2625 4091 2714 4105 —·

344 4159 417 4224 ia
429 4158 619 4224 nimio
647 4160 921 4224 acumine
942 4159 1229 4224 caecutire
1254 4157 1760 4241 intelligendoque
1786 4157 1930 4222 nihil
1952 4157 2272 4240 intelligere
2300 4158 2590 4223 dicendus
2614 4159 2712 4222 sit.

390 4297 419 4312 ··
520 4263 682 4328 Haec
706 4273 885 4351 atque
935 4266 1075 4330 talia
1110 4282 1297 4422 quum
1347 4280 1542 4406 nuper
1569 4283 1604 4326 a
1633 4262 1933 4327 Nitzscbio
1964 4271 2262 4338 accurate,
2317 4270 2384 4326 ut
2411 4263 2599 4339 solet,
2652 4272 2715 4327 et

497 4392 706 4420 nnnnnnn
