3102 4866
1590 333 1715 395 154

453 538 726 599 amores,
755 541 810 586 v.
849 522 1042 597 1401,
1072 539 1228 605 quos
1255 521 1388 604 ipsa
1415 519 1540 584 ulta
1569 526 1699 583 erat
1723 519 2012 603 Aegistho
2033 521 2341 588 iniectum
2360 543 2538 589 suum
2558 535 2827 609 recepto,

456 644 567 710 par
591 626 815 691 scilicet
838 643 954 709 pro
982 625 1112 709 pari
1140 626 1404 690 referens
1426 624 1877 707 Agamemnoni.
1927 625 2133 709 Neque
2150 626 2409 692 dubitari
2432 637 2650 711 potest,
2674 629 2822 713 quin

452 729 778 812 Aeschylm
806 727 1358 812 Clytaemnestram,
1387 729 1522 794 licet
1547 729 1718 794 initio
1749 731 2023 796 fortassis
2054 730 2195 797 odio
2225 740 2456 796 tantum
2484 734 2683 797 mariti
2702 734 2824 798 Ae-

453 833 654 917 gistho
683 852 752 897 se
781 832 1037 921 dederit,
1066 852 1212 897 mox
1241 842 1440 899 tamen
1468 833 1645 898 etiam
1676 852 1884 899 amore
1908 835 2088 901 huius
2118 844 2355 920 eaptam
2385 855 2520 899 esse
2549 837 2825 914 voluerit,

455 955 577 1020 quo
604 936 905 1020 pertinent
932 937 996 1002 in
1023 935 1289 1022 Cboeph.
1317 957 1372 1001 v.
1405 937 1531 1003 590
1570 956 1705 1021 sqq.
1745 935 2072 1022 γυναικῶν
2113 929 2357 1026 ἔρωτος
2400 934 2827 1022 παπόλμοις

452 1032 694 1107 αταισι
736 1036 1077 1124 σύννομοι,
1120 1052 1181 1107 et
1221 1036 1652 1130 θηλυκρατὴς
1694 1034 2046 1129 ἀπέραντος
2089 1033 2283 1130 ἴρωςι
2342 1044 2490 1127 quin
2544 1043 2677 1129 ipsa
2735 1064 2823 1119 se,

447 1146 617 1229 quod
645 1147 873 1213 tamdiu
897 1147 1030 1212 viro
1059 1147 1387 1212 carendum
1424 1155 1612 1224 esset,
1652 1145 1889 1212 caelibis
1927 1148 2080 1212 vitae
2115 1147 2313 1212 taedio
2348 1148 2424 1213 ad
2465 1148 2821 1214 adulterium

451 1250 1467 1329 illectamessel'atet11rV.908⁸).

529 1392 536 1401 ·
621 1355 806 1420 Mox
789 1373 852 1419 ιιι
881 1355 1252 1421 commaticis
1283 1353 1456 1419 chori
1483 1353 1733 1418 cantieis
1766 1353 1935 1418 1449
1964 1372 2100 1438 sqq.
2129 1355 2277 1420 baec
2300 1354 2607 1439 leguntur:
2720 1324 2727 1329 ν
2764 1304 2773 1316 θ
2822 1318 2837 1331 ·
2944 1446 2955 1455 ,
3004 1311 3014 1319 ι

781 1446 915 1546 ἦ
944 1453 1158 1543 μέγαν
1200 1449 1429 1536 οἴκοις
1467 1453 1704 1523 τοῖσδε

859 1554 1154 1645 δαίμονα
1193 1556 1313 1627 καὶ
1354 1555 1730 1649 βαρύμηνιν
1770 1552 2005 1639 αἰνεῖς.
2635 1610 2645 1619 .

450 1686 710 1751 quorum
738 1686 1024 1747 versuum
1052 1667 1318 1750 priorem
1350 1676 1702 1749 corruptum
1726 1685 1864 1731 esse
1883 1666 2297 1751 antistrophus
2320 1669 2537 1751 arguit,
2567 1670 2831 1754 penthe-

449 1772 730 1837 mimeres
761 1770 1133 1855 dactylicum,
1165 1762 1257 1848 ὥς
1298 1763 1424 1853 μὲν
1467 1760 1778 1848 α’ναίτιος
1819 1758 1914 1850 εἶ,
1943 1789 2057 1855 pro
2088 1789 2210 1855 quo
2241 1773 2343 1856 qui
2370 1782 2474 1838 aut
2501 1761 2564 1838 εἶ
2606 1793 2691 1840 συ
2720 1784 2831 1839 aut

448 1867 606 1942 ἐσσί
643 1876 1043 1960 seripserunt,
1082 1892 1211 1940 non
1253 1884 1452 1940 tamen
1488 1876 1884 1940 restituerunt
1916 1874 2236 1957 legitimam
2276 1878 2436 1961 apud
2466 1878 2827 1962 Aeschylum

451 1980 921 2073 aequabilitatem
942 1997 1352 2056 numerorum,
1364 1997 1551 2062 quum
1581 1981 1646 2044 in
1675 1978 1987 2062 strophico
2011 1981 2324 2062 spondeus
2345 1982 2427 2047 sit
2451 2001 2567 2066 pro
2589 1982 2828 2067 dactylo

449 2084 824 2168 antisti-ophi.
883 2084 1087 2168 ltaque
1117 2084 1494 2149 Hei-mannus
1522 2083 1909 2150 scribendum
1938 2083 2172 2149 eensuit

631 2216 670 2231 ··
714 2273 720 2279 ι
857 2175 905 2277 ἦ
944 2183 1124 2272 μέγα
1166 2181 1447 2271 δώμασι
1487 2179 1712 2254 towd'

557 2332 566 2339 ·
719 2326 727 2335 ·
831 2289 1110 2376 αἵμονα
1150 2288 1270 2358 καὶ
1312 2285 1684 2382 βαρύμηνιν
1725 2284 1960 2372 alveis,

427 2399 514 2465 ‘in
550 2397 768 2484 quibus
806 2393 986 2483 μέγα
1025 2416 1139 2482 pro
1176 2390 1366 2481 μάλα
1402 2396 1617 2481 accipi,
1648 2388 1947 2479 δαίμονα
1969 2404 2168 2464 autem
2195 2416 2269 2464 ex
2298 2407 2437 2464 ante
2468 2398 2643 2465 dictis
2671 2399 2828 2467 sub-

448 2503 642 2569 audiri
668 2503 819 2568 vult:
848 2522 1087 2588 parum,
1115 2512 1183 2567 ut
1211 2502 1360 2566 mihi
1389 2503 1645 2580 videtur,
1675 2502 2083 2587 probabiliter.
2142 2503 2302 2568 Duae
2343 2523 2411 2568 se
2441 2505 2704 2569 offerunt
2731 2507 2829 2571 ta·—

450 2609 684 2674 citiores
714 2608 1077 2674 emendandi
1103 2608 1258 2672 viae:
1287 2607 1495 2684 altera,
1526 2616 1595 2671 ut
1616 2615 1949 2671 statuamus
1978 2606 2253 2672 codicum
2281 2606 2600 2673 lectionem
2630 2620 2829 2676 ortam

447 2733 584 2779 esse
625 2732 700 2778 ex
735 2713 1268 2796 interpretamento
1309 2710 1560 2776 alieuius
1599 2710 1869 2776 adiectivi
1907 2712 1985 2776 ab
2025 2711 2312 2795 Aeschylo
2342 2712 2559 2796 positi,
2589 2714 2749 2779 velut
2777 2697 2831 2802 ἦ

446 2812 656 2901 μέγαν
699 2806 1081 2903 adcor-ev&
1124 2808 1419 2898 δαίμονα
1460 2815 1522 2879 h.
1563 2835 1616 2878 e.
1676 2817 1981 2903 συγγενῆ,
2037 2816 2544 2899 quemadmodum
2586 2835 2834 2902 συγγε-

447 2917 564 3009 νῆς
590 2913 858 3002 πότμος
885 2921 1102 2985 dicitur
1129 2940 1163 2984 a
1191 2918 1451 2984 Pindaro
1481 2919 1651 2983 Nem.
1682 2920 1748 2998 V,
1778 2921 1879 2985 40.
1937 2919 2148 2984 Isthm.
2185 2919 2242 2996 1,
2275 2920 2387 2998 40,
2414 2929 2517 2985 aut
2544 2907 2589 3008 ἦ
2614 2915 2835 3007 μέγαν

451 3018 805 3092 οἰκίδιον
858 3021 950 3104 d„
1013 3023 1519 3109 quemadmodum
1578 3015 2001 3088 κατοικίδιοι
2052 3015 2369 3106 δαίμονες
2421 3024 2538 3090 dici
2600 3026 2830 3103 solent,

450 3140 554 3198 aut
580 3130 757 3195 etiam
785 3117 830 3218 ἦ
857 3125 1070 3215 μέγαν
1097 3121 1510 3213 ἐγγενέταν
1541 3123 1633 3206 d„
1667 3135 1737 3192 ut
1773 3126 1933 3212 apud
1959 3127 2344 3211 Apollonium
2372 3129 2489 3194 Rh.
2518 3129 2617 3208 IV,
2653 3131 2828 3196 1549

453 3228 764 3320 δαίμονες
811 3228 1153 3320 ἐγγενέται
1194 3233 1290 3298 dei
1326 3232 1639 3315 indigenae
1681 3242 1852 3309 sunt,
1898 3231 2209 3315 potuitque
2248 3233 2408 3299 haud
2438 3233 2617 3299 dubie
2644 3236 2828 3301 etiam
2863 3256 2871 3265 ·

449 3343 671 3407 alastor
699 3338 1070 3405 domesticus
1100 3332 1441 3425 ἐγγενέτης
1470 3329 1621 3416 ἀίει.
1666 3335 1860 3400 Altera
1898 3336 1990 3400 via
2019 3321 2319 3413 haee‘est,
2359 3347 2430 3402 ut
2456 3337 2754 3404 scribatur
2780 3326 2833 3427 ἦ

448 3442 659 3533 μέγαν
696 3439 769 3512 ἒν
794 3436 1171 3530 μελάθροις
1197 3437 1516 3524 δαίμονα,
1548 3459 1821 3524 eamque,
1850 3448 1916 3504 ut
1942 3439 2309 3517 facillimam,
2337 3441 2613 3524 equidem
2643 3462 2829 3528 prae-

454 3551 707 3617 tulerim.
763 3550 969 3614 Potuit
995 3558 1195 3613 antem
1227 3547 1453 3628 vulgata
1483 3545 1736 3610 existere
1764 3545 1852 3610 vel
1873 3565 1947 3609 ex
1977 3545 2378 3622 comotione,
2425 3564 2612 3629 quum
2643 3546 2827 3610 oblit-

454 3665 635 3722 terata
665 3653 1122 3739 praepositione
1155 3645 1227 3717 ἐν
1266 3650 1567 3716 turbatum
1596 3658 1853 3715 metrum
1894 3649 2106 3731 aliquis
2134 3649 2446 3715 restituere
2474 3650 2829 3734 quadamte—

453 3780 570 3826 nus
600 3759 807 3825 saltem
840 3764 1184 3832 conaretur,
1216 3755 1310 3819 vel
1339 3754 1515 3819 etiam
1546 3754 1668 3830 sic,
1706 3763 1775 3818 ιιι
1802 3752 2155 3818 vocabulum
2191 3753 2266 3818 ab
2295 3739 2620 3839 interprete
2647 3756 2831 3822 adhi-

452 3866 643 3931 bitum
667 3861 970 3927 alibrariis
985 3880 1096 3945 per
1110 3878 1379 3925 errorem
1396 3877 1509 3977 pro
1525 3857 1790 3941 genuino
1815 3864 2161 3941 poneretur.
2223 3858 2489 3924 Tertiam
2519 3862 2821 3944 quandam

453 3970 890 4044 coniecturam,-
914 3985 1066 4049 quae
1093 3965 1299 4030 nescio
1331 3963 1427 4029 cui
1455 3964 1517 4027 in
1560 3971 1821 4027 mentem
1862 3961 2048 4037 venit,
2087 3948 2134 4050 ἦ
2168 3963 2378 4049 μέγαν
2415 3956 2825 4049 arestone,

453 4094 560 4142 cur
586 4073 983 4159 spernendam
1015 4070 1259 4145 ducam,
1286 4087 1415 4134 non
1445 4085 1602 4152 opus
1631 4074 1726 4132 est
1751 4083 2066 4148 exponere.

594 4315 644 4380 5)
681 4314 763 4368 Ab
785 4315 1006 4368 Homero
1030 4331 1229 4385 quoque
1254 4323 1310 4369 et
1330 4312 1550 4368 Pindaro
1576 4320 1632 4366 οι
1654 4312 1907 4382 Sophocle
1925 4329 2034 4368 rem
2059 4315 2135 4369 sie
2151 4314 2364 4384 proponi
2379 4314 2552 4368 monui
2571 4314 2623 4369 io
2642 4331 2822 4369 οοιιιιι.

454 4400 524 4453 ad
541 4399 691 4453 nnn.
713 4417 764 4469 p.
790 4400 875 4454 56.
898 4402 986 4455 57.
1033 4402 1163 4455 Adai
1189 4408 1394 4471 poterat
1416 4401 1571 4453 etiam
1594 4400 1770 4469 Eut-ip.
1798 4399 1973 4455 orest.
1993 4400 2079 4455 26.
2104 4400 2192 4454 27.
2217 4407 2274 4454 et
2295 4399 2419 4454 568.
2706 4437 2711 4444 ι
