3102 4866
1376 265 1469 333 09

267 453 479 543 θῆρες
522 444 876 542 ὀρεσκῷοι,
919 458 1092 523 tertia
1137 450 1325 541 γένος
1364 454 1721 540 μελισσῶν,
1762 454 1969 542 quarta
1999 458 2257 542 denique
2289 448 2619 538 κνώδαλα,

220 606 227 613 ·
271 577 422 641 quae
474 561 676 625 omnia
727 561 883 626 inter
922 581 989 626 se
1038 562 1341 646 particulis
1378 556 1457 626 τέ
1491 571 1553 626 et
1589 555 1710 627 καί
1759 565 2132 647 copulantur.
2219 561 2352 627 Ita
2335 580 2397 626 ιιι
2424 556 2618 625 verbis

271 657 458 751 φῦλιί
501 685 578 729 τε
625 659 877 753 ἓρπετά
918 686 994 730 τε
1034 666 1210 751 plane
1255 667 1483 731 diversa
1528 667 1640 729 erit
1683 667 1995 751 utriusque
2033 666 2278 750 copulae
2322 660 2617 750 potestas':

269 787 397 834 non
429 770 591 835 enim
624 771 975 854 copulantur
1000 771 1159 835 inter
1187 790 1253 835 se
1280 772 1427 835 haec
1455 771 1575 834 duo
1604 770 1903 846 vocabula,
1933 791 2128 854 neque
2157 771 2409 835 alterum
2438 762 2516 834 τέ
2542 769 2617 833 ad

268 874 537 952 alterum,
565 883 635 939 ut
662 874 851 938 moris
883 884 991 952 est,
1019 876 1291 952 refertur,
1322 875 1427 939 sed
1457 876 1631 958 prior
1657 875 1942 959 particula
1975 868 2413 939 substantivum
2443 891 2617 937 suum

269 974 446 1065 φῦλα
486 978 750 1061 adiungit
776 978 872 1055 iis,
903 989 1221 1061 quae-ante
1249 978 1404 1043 dicta
1434 988 1593 1056 sunt,
1621 979 1799 1044 altera
1822 987 2021 1044 autem
2053 972 2305 1063 ἕρπει-α
2331 996 2457 1042 non
2481 996 2617 1042 cum

270 1078 448 1169 φῦλα
484 1083 592 1147 sed
633 1102 771 1147 cum
819 1082 894 1146 iis
935 1101 1087 1164 quae
1126 1091 1460 1166 sequuntur
1495 1079 1724 1173 φύλων
1773 1084 2089 1169 speciebus
2142 1081 2456 1146 connectit.
2552 1079 2618 1145 ld

269 1186 495 1250 etiamsi
522 1185 749 1268 logicae
777 1187 992 1251 rationi
1025 1205 1152 1251 non
1181 1187 1549 1263 adversatur,
1582 1187 1758 1252 habet
1778 1196 1980 1252 tamen
2003 1187 2162 1251 haud
2194 1185 2371 1250 dubie
2400 1183 2617 1266 aliquid
2646 1197 2654 1203 ’

268 1288 503 1354 molesti
524 1276 1088 1372 atque'inconcinnh
1116 1292 1429 1374 multoque
1457 1292 1694 1375 planior
1722 1301 1782 1357 et
1819 1292 2047 1356 facilior
2075 1292 2279 1355 evadet
2305 1280 2527 1363 oratio,
2567 1289 2618 1351 si
2687 1296 2696 1303 ’

267 1394 445 1459 unius
474 1394 701 1459 litterae
723 1395 1061 1479 mutatione·
1092 1394 1206 1477 p'ro
1246 1386 1321 1460 θ’
1357 1388 1529 1461 ὅσσα
1572 1414 1939 1479 reponamus
1968 1389 2197 1475 τόσσα,
2231 1394 2394 1477 quod
2433 1411 2617 1475 quum

269 1498 443 1563 etiam
480 1499 792 1563 relativum
830 1518 969 1563 esse
1012 1498 1357 1582 ignorarent
1394 1499 1644 1576 librarii,
1681 1500 1825 1565 illud
1869 1500 2119 1564 alterum
2151 1502 2213 1563 in
2254 1498 2385 1562 eius
2413 1496 2616 1560 locum
2742 1580 2746 1584 ,

267 1602 628 1667 invexerunt.
716 1602 839 1667 Iam
918 1595 1170 1686 ἓρπετα
1230 1597 1412 1691 φῦλα
1484 1611 1644 1667 recte
1716 1602 2121 1685 adiunguntur
2180 1599 2614 1685 superioribus,

270 1705 534 1789 ipsisque
561 1724 775 1771 rursus
809 1706 1163 1788 copulantur
1190 1702 1404 1792 θῆρες
1431 1697 1761 1792 ὀρεσκῷοι
1794 1717 1853 1771 et
1874 1726 2024 1789 quae
2053 1714 2412 1789 sequuntur·
2439 1712 2618 1786 atque

271 1810 360 1874 sic
387 1812 629 1875 demum
660 1809 804 1875 illud
832 1828 1041 1874 verum
1071 1819 1185 1886 est,
1223 1810 1384 1893 quod
1415 1810 1761 1874 Welckerus
1793 1810 1996 1887 voluit,
2026 1820 2095 1874 ut
2137 1805 2320 1896 φῦλα
2367 1801 2619 1891 ἕρπετα
2680 1851 2684 1855 ·

268 1912 424 1978 idem
478 1914 560 1978 sit
609 1923 789 1996 atque
841 1908 1024 2002 φῦλα
1082 1904 1400 1998 ἑρπέτων.
1488 1912 1763 1979 Ceterum
1815 1915 1891 1977 de
1940 1906 2178 1977 relativa
2237 1911 2619 2006 pronominis

266 2009 469 2094 τόσος
511 2017 944 2099 significatione
971 2016 1360 2081 Hel-mannus
1404 2019 1645 2081 monuit
1680 2019 1751 2083 ad
1793 2018 2031 2083 Pindar.
2079 2016 2251 2080 Nem.
2289 2017 2392 2092 IV,
2434 2017 2503 2091 7,
2556 2025 2618 2079 et

269 2121 429 2203 quod
490 2122 648 2186 idem
708 2121 781 2185 ad
832 2120 1047 2204 Hymn.
1087 2120 1265 2185 Hom.
1327 2120 1390 2185 in
1430 2120 1558 2185 Cer.
1616 2141 1670 2184 v.
1726 2121 1809 2186 66
1865 2122 2031 2185 hunc
2086 2139 2264 2184 usum
2316 2120 2618 2203 antiquio-

271 2224 435 2289 ribus
503 2224 822 2300 abiudicat‚
899 2224 974 2288 ad
1032 2226 1340 2308 epicorum
1414 2225 1834 2329 tantummodo
1904 2243 2249 2289 sermonem
2316 2223 2619 2307 pertinere

262 2327 509 2393 videtur.
534 2331 636 2409 ¹)

435 2432 778 2497 Alcmanem
810 2432 1195 2498 Stesichorus
1225 2442 1528 2517 sequatur,
1558 2432 1727 2497 cuius
1758 2436 2182 2516 fragmentum,
2223 2454 2256 2498 a
2286 2431 2617 2497 Scholiaste

264 2535 337 2599 ad
368 2535 671 2619 Euripidis
702 2536 900 2601 Orest.
937 2556 993 2599 v.
1036 2535 1162 2601 243
1203 2545 1520 2613 servatum,
1561 2555 1688 2600 non
1718 2548 1878 2602 recte
1906 2538 2316 2603 Mehlhornius
2346 2537 2613 2620 descrip-

265 2639 418 2703 sisse
443 2640 678 2704 videtur
706 2641 825 2704 hoc
848 2640 1064 2705 modo·
1112 2690 1117 2694 .
1476 2671 1481 2674 ·

598 2737 857 2809 Οὕνεκα
910 2736 1304 2831 Τυνδάρεως

391 2841 599 2934 ῥέζων
640 2845 822 2912 πᾶσι
863 2848 1099 2913 θεοῖσι
1140 2845 1305 2931 μιᾶς
1346 2841 1706 2983 Κύπριδος
1746 2838 1984 2916 λάθετ’
2027 2838 2454 2934 ἧπιοδώρου·

592 2943 779 3015 κείνα
831 2944 1183 3038 Τυνδάρεω
1244 2980 1248 2984 ·

389 3048 668 3139 κούραις
706 3047 1060 3137 χωσαμένα
1105 3047 1437 3140 διγαμους
1476 3050 1846 3144 τριγάμους
1884 3074 1960 3118 τε
1998 3037 2245 3140 τίθησι
2383 3069 2388 3076 ·

592 3151 714 3222 καὶ
755 3152 1223 3244 λιπεσάνορας.

432 3262 582 3325 Nam
612 3262 771 3343 apud
797 3261 1168 3326 Scholiasten
1196 3281 1323 3326 non
1353 3259 1531 3328 πᾶσι
1556 3262 1847 3344 scriptum
1878 3271 1986 3339 est,
2016 3263 2118 3326 sed
2150 3282 2392 3340 απασι,
2418 3283 2613 3347 neque

229 3359 425 3447 ,plag
464 3358 824 3446 Κύπριδος
866 3354 1099 3428 λάθετ’
1145 3354 1568 3451 ἤπιοδιόρου,
1601 3366 1707 3430 sed
1736 3362 1904 3446 μιᾶς
1930 3361 2189 3431 λάθετο
2217 3357 2613 3453 ἧπιοδώρου

257 3461 636 3555 Κύπριδος,
680 3483 879 3549 neque
919 3458 1108 3531 κείνα
1162 3464 1375 3546 Tin-d„
1422 3468 1528 3532 sed
1573 3460 1762 3532 κείνα
1808 3462 1885 3533 δὲ
1938 3466 2154 3550 Τυνδ.,
2198 3488 2315 3534 nec
2355 3472 2612 3554 denique
2739 3504 2748 3512 ·

254 3565 629 3654 χωσαμένα,
677 3569 785 3634 sed
830 3565 1290 3653 χολωσαμένα,
1336 3591 1488 3654 quae
1517 3574 1721 3637 omnia
1748 3574 2114 3638 Melhornius
2154 3573 2297 3638 satis
2327 3575 2613 3639 violenter
2637 3602 2670 3630 κ

255 3685 317 3740 et
343 3675 474 3739 sine
503 3674 719 3739 idonea
749 3693 928 3739 causa
966 3675 1216 3740 delendo
1245 3686 1347 3740 aut
1387 3679 1842 3760 transponendo
1880 3678 2154 3755 mutavit,
2205 3678 2268 3741 in
2307 3679 2606 3764 plerisque
2641 3697 2675 3749 6

253 3777 691 3844 Blomfieldium
721 3788 1014 3863 sequutus
1044 3779 1199 3843 llus.
1231 3779 1359 3843 crit.
1390 3779 1662 3844 Cantabr.
1704 3782 1849 3845 fasc.
1891 3781 1991 3858 Vl,
2031 3800 2217 3846 unum
2256 3777 2613 3865 χωσαμένα

254 3902 371 3968 pro
402 3876 834 3965 χολωσαμένα
875 3883 951 3947 de
980 3901 1092 3946 suo
1123 3882 1370 3960 addens,
1402 3882 1539 3965 quia
1569 3883 1794 3947 scilicet
1820 3883 1966 3948 nihil
1997 3886 2363 3967 frequentius
2391 3887 2612 3950 horum

251 3984 578 4052 verborum
628 3985 1092 4069 permutatione,
1143 4005 1338 4070 neque
1364 3981 1800 4069 χολωσαμένα
1841 3988 2057 4064 versui,
2087 3989 2320 4070 qualem
2368 3990 2609 4071 quidem

397 4238 445 4302 1)
470 4234 553 4289 No
522 4252 587 4288 on
612 4234 943 4288 dissimulabo
971 4241 1136 4287 tamen
1159 4252 1292 4288 nucu
1314 4234 1585 4304 praeferes
1587 4236 1700 4288 dam
1723 4235 1842 4287 mihi
1865 4235 2031 4288 videri
2067 4234 2162 4306 Th.
2185 4237 2393 4303 Bergkii
2435 4253 2608 4291 emen·

252 4325 529 4389 dationem,
554 4339 639 4394 φυ
604 4315 797 4374 ύλλατ
765 4338 823 4376 τε
848 4317 1057 4392 ἓρπετα
1081 4317 1136 4373 θ’
1162 4314 1314 4374 ὅσσα
1337 4355 1386 4366 -
