3102 4866
1611 280 1740 351 226

376 474 380 479 ’
486 476 656 542 lieris
679 474 1102 542 coniunctione
1127 472 1404 554 legimus,
1431 469 2171 547 iamalibitractataerant,
2198 476 2855 553 strepetunturtameu

488 579 675 646 nihilo
705 578 908 643 minus
936 577 1004 641 in
1029 573 1460 651 oeconomico,
1499 573 1723 639 scilicet
1757 574 1896 657 quia
1937 573 2015 639 ad
2040 591 2170 638 rem
2210 573 2663 656 pertinere-visa
2690 580 2855 645 suit„

490 680 999 769 quemadmodum
1029 696 1157 744 non
1186 678 1388 743 minus
1427 686 1590 742 certe
1639 677 1714 741 ad
1754 696 1887 742 rein
1920 676 2240 761 pertinuit,
2277 675 2382 741 ubi
2422 678 2500 742 de
2534 695 2856 751 servm

489 784 844 863 mantione
872 781 1358 866 praecipiendum
1388 789 1537 856 erat,
1566 779 1909 855 servitutem
1936 780 2135 863 ipmin
2161 779 2411 864 eiusque
2436 780 2563 844 viin
2587 788 2650 846 et
2677 789 2858 847 natu·

489 906 625 955 raiu
651 886 974 970 explicare:
1014 884 1410 969 quamobrem
1454 882 1559 966 qui
1594 883 1671 965 de
1706 884 1891 949 altero
1928 884 2240 968 diligenter
2264 884 2575 969 exposuit,
2602 884 2857 950 alterum

489 1010 570 1059 ne
591 989 775 1071 ‚verbo
805 989 1047 1075 quidem
1076 988 1291 1074 tetigit,
1317 1005 1446 1053 non
1472 987 1698 1071 poterit
1723 1005 1851 1053 non
1876 988 2229 1073 inaequabili
2256 988 2521 1074 quodam
2548 995 2613 1052 et
2638 988 2859 1054 incon·

490 1095 676 1161 stanti
699 1094 956 1159 docendi
978 1112 1191 1177 genere
1218 1111 1374 1158 usus
1395 1110 1532 1157 esse
1560 1091 1768 1171 videri.
1799 1127 1885 1141 —
1913 1092 2181 1158 Brevitas
2214 1102 2421 1159 autem
2443 1110 2633 1177 quum
2662 1091 2860 1157 ubivis

489 1218 760 1276 sumina,
796 1208 926 1263 tuin
965 1197 1028 1262 in
1068 1216 1138 1262 ea
1175 1196 1566 1281 potissimum
1607 1204 1812 1281 parte,
1847 1214 2000 1280 quae
2042 1196 2117 1262 de
2154 1205 2440 1282 quattuor
2479 1195 2860 1262 oeconomici

490 1303 832 1369 circe.bona
861 1302 1178 1368 virtutibus
1206 1301 1344 1385 agit,
1373 1309 1538 1366 tanta
1565 1309 1691 1378 eet,
1724 1309 1797 1366 ut
1822 1301 2102 1385 pleraque
2126 1311 2441 1386 proeoepta
2466 1300 2862 1386 peroheoera,

491 1406 693 1482 omnis
724 1415 926 1473 autem
955 1406 1057 1471 liic
1080 1406 1252 1486 locus
1282 1423 1538 1488 prorsus
1571 1423 1825 1470 mancus
1861 1414 2040 1489 atque
2064 1405 2448 1490 impu-rectus
2476 1404 2601 1471 dici
2623 1406 2859 1483 debeat,

490 1512 846 1597 praesertim
877 1509 932 1575 si
959 1509 1095 1593 quis
1128 1527 1268 1573 eum
1298 1519 1608 1593 comparet
1638 1529 1776 1575 cuin
1806 1509 1941 1584 iiiii,
1964 1527 2118 1592 quae
2146 1510 2209 1573 in
2236 1508 2500 1575 Politieis
2519 1508 2627 1574 lib.
2663 1511 2694 1574 ι
2724 1529 2856 1593 esp.

493 1616 556 1681 3.
585 1617 628 1678 4
658 1613 849 1679 multo
880 1612 1187 1696 copiosius
1226 1621 1287 1676 et
1312 1613 1649 1678 nomitatim
1688 1612 2089 1678 disseruntur.
2145 1611 2305 1677 Nihil
2342 1613 2505 1677 enini
2540 1612 2604 1676 in
2634 1614 2759 1679 lioc
2783 1604 2891 1678 li·'

489 1718 646 1784 bello
677 1717 753 1782 de
779 1711 1096 1804 κτητικῆς
1109 1714 1334 1780 ambitu
1356 1725 1419 1780 et
1440 1735 1477 1780 a
1497 1717 1873 1800 quaestuaria
1904 1711 2461 1806 (χρηματιστικῇ)
2491 1716 2861 1795 disin-imine,

489 1840 668 1907 quain
698 1819 874 1885 multi
896 1828 1118 1884 temere
1140 1820 1562 1884 oeconomicae
1582 1831 1837 1902 pai-tem,
1866 1829 1924 1885 et
1934 1822 2330 1905 praecipuam
2351 1820 2614 1905 quidem,
2644 1822 2863 1887 recisa

489 1926 553 1991 in
595 1924 864 1993 Politicis
902 1922 1208 1988 dicuntur:
1254 1922 1401 1986 nihil
1441 1924 1516 1988 de
1554 1923 1730 1988 vai-iis
1767 1923 2072 1989 bonorum
2121 1924 2466 2006 generibus,
2513 1934 2758 2010 praeter
2792 1946 2861 1991 ea

489 2047 795 2114 quaecap.
825 2027 869 2092 2
897 2044 957 2109 p.
990 2028 1063 2107 4,
1111 2026 1374 2102 15—5,
1402 2025 1443 2090 2
1490 2026 1664 2110 quasi
1700 2026 1764 2091 in
1815 2036 2169 2093 transcursu
2217 2029 2617 2112 attinguntur,
2669 2049 2859 2113 quum

415 2198 428 2223 ,
491 2133 719 2200 multus
747 2133 824 2196 de
852 2130 947 2195 liis
977 2130 1058 2195 sit
1083 2129 1476 2194 Aristoteles
1457 2148 1523 2194 in
1553 2130 1851 2195 Politicis.
1887 2131 2037 2196 niliil
2065 2131 2321 2217 denique
2359 2133 2436 2198 de
2462 2141 2630 2201 recto
2657 2133 2862 2198 bono—

492 2255 631 2305 rum
652 2254 793 2311 usu,
821 2253 1018 2319 ‚quum-
1041 2243 1238 2299 tamen
1265 2232 1567 2298 Aristoteli
1587 2229 1669 2299 τὸ
1697 2227 2094 2322 χρήσασθαι
2118 2236 2311 2301 multo
2341 2237 2535 2320 magis
2563 2237 2642 2303 ad
2672 2256 2862 2303 oeco-

493 2341 782 2405 nomiam.
805 2338 1101 2421 pertinere
1139 2338 1334 2402 visum
1374 2337 1455 2402 sit
1480 2355 1661 2420 quam
1698 2332 1781 2403 τὸ
1808 2330 2268 2423 πορίσασθαι,
2297 2339 2477 2405 Polit.
2505 2339 2561 2419 1,
2583 2341 2625 2406 3
2660 2360 2729 2426 p.
2763 2342 2863 2419 12,

494 2445 604 2526 28.
654 2443 807 2524 Nolo
838 2442 952 2524 alia
978 2460 1327 2507 enumerare
1349 2441 1410 2507 in
1444 2443 1661 2508 ceteris
1683 2444 1980 2526 partibus,
2010 2444 2084 2509 de
2113 2445 2331 2528 quibus
2360 2464 2549 2528 quum
2580 2446 2644 2511 in
2676 2466 2862 2512 oeco-

492 2549 731 2613 nomica
760 2547 1079 2612 dicendum
1108 2546 1295 2612 fliisse
1324 2554 1384 2611 et
1411 2564 1510 2610 res
1540 2547 1673 2630 ipsa
1702 2556 1767 2611 et
1790 2566 2006 2624 eorum
2035 2567 2186 2631 quae
2212 2549 2276 2614 in
2297 2548 2567 2614 Politicis
2588 2550 2859 2616 deliban-

498 2662 597 2720 tur
625 2651 993 2735 comparatio
1023 2651 1259 2728 doceat,
1286 2651 1442 2715 nulla
1475 2658 1677 2715 tamen
1713 2650 1777 2716 in
1815 2661 2030 2716 nostro
2067 2651 2265 2718 libello
2293 2672 2370 2719 ne
2398 2653 2589 2718 verbo
2614 2655 2860 2738 quidem

498 2767 675 2837 tenus
705 2755 930 2821 mentio
963 2756 1049 2821 fit.
1105 2754 1259 2819 Nam
1290 2755 1385 2819 vel
1404 2755 1717 2838 illa,.quae
1746 2757 2231 2834 commemoravi,
2260 2757 2556 2822 eiusmodi
2587 2777 2727 2825 esse
2756 2778 2858 2826 ar-

495 2861 716 2942 bitror,
753 2878 904 2944 quae
935 2859 988 2926 si
1028 2860 1166 2943 quis
1206 2859 1406 2925 omnia
1441 2858 1834 2944 reputaverit,
1875 2877 2235 2943 omnemque
2281 2859 2458 2927 libelli
2497 2864 2763 2930 formam
2800 2873 2863 2928 et

496 2963 998 3049 compositionem
1029 2963 1520 3041 consideraverit,
1545 2963 1710 3027 facile
1738 2962 1810 3027 iis
1834 2962 2099 3041 accedat,
2124 2965 2226 3047 qui
2254 2965 2332 3032 ab
2351 2966 2676 3032 Aristotele
2695 2968 2862 3036 hunc

495 3068 952 3150 abiudicandum
973 3087 1107 3132 esse
1128 3076 1507 3132 censuerunt.
1565 3068 1757 3151 Atque
1779 3086 1892 3149 ego
1914 3066 2173 3150 quidem,
2197 3087 2383 3152 quum
2405 3070 2672 3154 primum
2693 3072 2862 3138 hunc

497 3171 953 3251 oeconomicum
995 3171 1384 3255 perlegerem,
1420 3171 1483 3235 in
1516 3190 1649 3235 eain
1677 3171 1879 3236 statim
1920 3171 2325 3238 coniecturam
2339 3174 2557 3252 incidi,
2581 3183 2651 3240 ut
2670 3176 2861 3243 disci·=

495 3276 623 3360 puli
652 3276 906 3340 alicuius
933 3275 1420 3359 scriptiunculam
1461 3274 1612 3340 milii
1645 3275 1839 3358 legere
1876 3275 2137 3355 viderer,
2176 3278 2280 3360 qui
2318 3296 2471 3361 quae
2498 3280 2857 3361 magistrum

498 3381 815 3448 docentem
852 3381 1172 3462 audiverat,
1191 3398 1304 3463 pro
1347 3389 1527 3463 captu
1556 3398 1671 3454 suo
1714 3380 2063 3446 summatim
2092 3380 2160 3445 in
2186 3381 2452 3450 chartam
2482 3382 2860 3461 coniecisset,

494 3482 624 3548 aliis
647 3482 903 3566 breviter
931 3483 1298 3566 significatis,
1327 3483 1454 3548 aliis
1483 3485 1955 3568 praetermissis,
1993 3485 2125 3554 aliis
2161 3485 2360 3570 paullo
2390 3487 2731 3554 accuratius
2757 3509 2857 3558 ree

494 3585 714 3670 petitis,
744 3596 927 3670 prout
954 3587 1213 3671 quidque
1251 3596 1355 3653 aut
1381 3589 1751 3672 percepisset
1786 3599 1889 3654 aut
1916 3588 2307 3656 meminisset.
2364 3590 2442 3660 Et
2464 3608 2630 3679 nunc
2656 3591 2857 3668 etiam,

492 3690 688 3769 libello
728 3690 1049 3756 identidem
1087 3692 1346 3769 relecto,
1382 3701 1484 3758 aut
1521 3692 1870 3757 huiusmodi
1886 3693 2409 3776 ‚scriptiunculam
2436 3695 2856 3762 scholasticam

494 3814 636 3861 esse
662 3794 862 3869 credo,
892 3804 1014 3872 sut,
1045 3794 1099 3860 si
1129 3814 1163 3860 a
1193 3794 1483 3877 magistro
1512 3795 1830 3880 scriptam,
1859 3806 2017 3862 certe
2037 3796 2187 3861 nihil
2215 3795 2372 3862 aliud
2403 3816 2585 3883 quain
2613 3798 2854 3865 brevem

495 3898 791 3984 quendam
822 3907 879 3963 et
909 3899 1262 3965 subitarium
1288 3889 1918 3987 ὑπομνηματισμῶν,
1963 3900 2282 3985 praecipua
2310 3920 2516 3968 rerum
2545 3903 2736 3986 capita
2763 3902 2853 3966 le-

491 4005 643 4068 viter
669 4001 1152 4083 adumbrantem,
1203 4003 1278 4068 de
1315 4003 1534 4087 quibus
1569 4004 1662 4069 vel
1679 4004 1751 4067 ,in
1777 4005 1980 4070 schola
2010 4004 2100 4069 vel
2131 4006 2287 4070 iusta
2316 4006 2644 4090 scriptione
2670 4023 2853 4070 accu-

491 4108 681 4173 ratius
712 4107 1128 4174 disserendum
1157 4117 1346 4186 esset3
1376 4108 1584 4193 quales
1617 4098 2269 4197 ὖπομνηματισμούς
2296 4128 2482 4194 quum
2511 4107 2586 4172 ab
2613 4108 2851 4174 Aristo-

494 4212 605 4287 tele
633 4220 763 4275 tum
792 4211 867 4276 ab
896 4212 1025 4277 aliis
1064 4212 1304 4277 relictos
1347 4232 1482 4277 esse
1521 4221 1775 4278 constat.
1853 4212 1943 4277 Cf.
1984 4215 2054 4279 Α.
2094 4213 2304 4289 Stalir,
2343 4210 2679 4276 Aristotelia
2704 4211 2762 4276 Π
2788 4232 2850 4296 p.

492 4315 641 4380 243.
703 4317 1152 4398 Utrumcunque
1181 4326 1380 4379 autem
1410 4325 1520 4391 est,
1550 4335 1629 4380 ne
1659 4317 1736 4381 ita
1767 4316 2007 4399 quidem
2035 4317 2398 4391 Aristotelis,
2425 4315 2531 4379 sed
2560 4316 2848 4382 alterutro
