3102 4866
1506 354 1567 419 ⁴4

362 536 481 607 τὸν
523 535 601 606 δὲ
640 534 885 620 σκότος
925 530 1092 606 ὄσσε
1131 533 1452 628 κάλυψαν.
1540 537 1905 605 Scholiastae
1946 539 2189 623 quidem
2226 540 2403 605 etiam
2452 540 2716 607 convicia

362 645 480 711 ista
512 646 913 731 Hyperenoris
952 639 1130 709 κατὰ
1168 639 1253 710 τὸ
1296 636 1741 727 σιωπώμενον
1782 642 2189 710 subaudienda
2236 661 2398 721 esse,
2445 645 2714 728 quamvis

361 750 725 828 dubitanter,
775 750 1178 834 suspicantur.
1281 747 1471 813 Nobis
1522 746 1891 831 probabilius
1939 747 2198 823 videtur,
2253 748 2446 813 fuisse
2486 748 2552 811 in
2599 749 2714 812 alio

360 855 649 939 quopiam
699 854 972 938 carmine
1010 852 1434 919 accuratiorem
1485 852 1563 917 de
1610 852 2013 936 Hyperenoris
2063 851 2245 917 caede
2290 851 2712 926 narrationem,

363 978 515 1042 quae
564 968 752 1042 quum
801 976 931 1023 non
980 966 1221 1043 recepta
1270 965 1431 1022 esset
1478 955 1542 1021 in
1581 955 2022 1040 compositione
2046 955 2271 1032 Iliadis,
2320 956 2485 1021 hunc
2519 965 2716 1021 tamen

360 1062 561 1127 locum
596 1062 734 1127 libri
768 1061 945 1139 xvu,
984 1063 1089 1146 qui
1123 1063 1263 1127 illuc
1290 1061 1636 1145 respiceret,
1673 1077 1786 1143 per
1821 1058 2236 1142 negligentiam
2275 1059 2576 1142 quandam
2616 1059 2714 1123 in-

360 1174 584 1231 tactum
612 1174 680 1230 ut
706 1173 832 1230 erat
868 1165 1137 1229 relictum
1174 1183 1332 1228 esse.
1364 1197 1451 1211 —
1478 1163 1671 1227 Porro
1706 1162 1809 1227 lib.
1837 1161 1968 1226 XVI
1996 1181 2049 1226 v.
2080 1161 2208 1227 432
2245 1162 2467 1248 Iupiter
2494 1163 2715 1248 Sarpe-

359 1270 585 1334 donem
635 1258 1017 1352 conspicatus
1068 1285 1205 1332 cum
1256 1267 1531 1332 Patroclo
1582 1284 1977 1349 congressum
2033 1266 2326 1332 lunonem
2376 1267 2712 1351 alloquitur,

357 1368 569 1457 seque
593 1372 892 1454 ambigere
941 1373 1276 1456 profitetur,
1326 1372 1615 1456 eripietne
1665 1372 1822 1437 fatali
1857 1370 2041 1448 morti
2079 1371 2291 1449 tilium,
2342 1390 2421 1436 an
2460 1371 2651 1437 occidi
2679 1391 2712 1436 a

360 1476 634 1542 Patroclo
669 1476 955 1560 patiatur,
1007 1496 1188 1560 quam
1226 1476 1322 1541 illa
1370 1477 1709 1542 orationem
1746 1476 2124 1542 vehementer
2171 1475 2523 1559 improbans
2572 1494 2713 1558 per·

356 1581 570 1646 suadet
606 1580 820 1645 marito
848 1598 927 1645 ne
968 1581 1100 1646 fatis
1140 1580 1413 1646 obsistat.
1500 1583 1764 1665 Apparet
1799 1601 1874 1647 ex
1909 1581 2029 1646 hoc
2057 1580 2383 1664 colloquio,
2409 1580 2528 1644 hos
2556 1579 2712 1644 duos

355 1702 520 1750 nunc
557 1702 676 1750 una
712 1705 864 1762 esse,
902 1694 962 1749 et
997 1685 1237 1768 quidem
1288 1685 1353 1749 in
1401 1685 1505 1748 Ida
1554 1693 1789 1760 monte,
1841 1701 1964 1767 quo
2003 1704 2073 1748 se
2111 1684 2338 1768 Iupiter
2388 1683 2714 1748 contulisse

352 1791 551 1855 dicms
587 1798 683 1854 est
716 1789 818 1866 Xl,
864 1788 1005 1866 183,
1040 1808 1233 1872 neque
1269 1788 1463 1854 adbuc
1500 1788 1639 1853 inde
1675 1788 1740 1853 in
1776 1787 2098 1872 Olympum
2134 1789 2398 1863 revertit,
2448 1788 2509 1853 id
2551 1788 2713 1871 quod

353 1893 485 1959 xvt
514 1913 565 1957 v.
600 1893 727 1958 677
757 1894 1147 1958 demonstrat·
1233 1893 1415 1975 Atqui
1452 1891 1605 1957 luno
1632 1893 1965 1958 visitaverat
1992 1894 2234 1976 quidem
2273 1893 2335 1957 in
2361 1893 2464 1957 Ida
2493 1893 2713 1957 seden-

355 2008 505 2074 tem,
545 1997 697 2070 xlv.
735 1995 884 2073 283,
923 1996 1030 2061 sed
1071 1996 1300 2061 dudum
1337 1996 1413 2060 ab
1450 2015 1523 2061 eo
1564 1996 1628 2060 in
1668 1996 1988 2081 Olympum
2026 1997 2277 2061 remissa
2305 2005 2427 2072 est,
2456 1997 2578 2073 XV,
2609 1998 2711 2061 54.

355 2101 460 2179 79,
489 2102 649 2167 unde
677 2120 811 2167 eam
837 2110 983 2184 post
1009 2101 1227 2165 iterum
1256 2101 1321 2165 in
1345 2100 1512 2165 Idam
1534 2119 1833 2166 reversam
1860 2120 1994 2166 esse
2014 2120 2315 2183 nusquam
2342 2108 2519 2184 poeta
2547 2100 2708 2164 dixit.

354 2201 522 2267 Hanc
548 2202 626 2267 ob
656 2222 897 2269 causam
924 2205 1270 2270 Zenodotus
1301 2214 1494 2270 totum
1521 2205 1646 2269 hoc
1681 2205 1838 2269 lovis
1877 2224 2016 2269 cum
2059 2204 2287 2269 lunone
2328 2201 2710 2287 colloquium,

353 2326 389 2371 a
418 2326 474 2370 v.
503 2306 885 2386 432—459,
917 2329 1184 2393 pugnare
1220 2329 1358 2374 cum
1398 2309 1627 2392 reliqua
1656 2310 1999 2374 narratione
2027 2309 2281 2392 ideoque
2308 2327 2422 2391 pro
2453 2308 2710 2372 insiticio

353 2410 696 2477 habendum
726 2419 862 2479 esso
887 2414 1189 2492 iudicavit,
1217 2415 1315 2480 cui
1343 2414 1619 2500 equidem
1647 2412 1925 2480 assentiri
1943 2397 2131 2490 ωσι),
2161 2431 2339 2496 quam
2370 2412 2711 2478 aristarum

352 2515 518 2579 illum
553 2518 1040 2599 reprehendenti,
1078 2521 1241 2602 quod
1278 2519 1562 2584 nescierit
1599 2510 1710 2583 ὅτι
1762 2513 1987 2584 πολλὰ
2035 2513 2212 2581 κατὰ
2264 2509 2714 2602 συμπέρασμα

349 2610 607 2702 λέγεις
568 2639 608 2685 o
654 2618 947 2710 ποιητης
972 2617 1312 2746 γεγονότα,
1356 2618 1475 2688 καὶ
1505 2643 1585 2689 ου
1631 2616 1787 2688 δέον
1815 2615 2179 2707 ἐπιζητεῖν,
2224 2617 2377 2698 πῶς
2403 2611 2447 2707 ἦ
2475 2615 2715 2705 μικρὸν

353 2712 749 2808 ἔμπροσθεν
809 2715 933 2789 ἐπὶ
992 2722 1111 2791 τὸν
1150 2717 1510 2810 ’Ὄλυμπον
1571 2723 2175 2812 παρακεχωρηκυῖα
2235 2720 2350 2788 νῦν
2408 2716 2534 2788 ἐπι
2594 2720 2717 2810 τῆς

356 2815 548 2911 Ἴδης
588 2819 755 2891 ἐστι’.
838 2828 977 2892 Non
1008 2828 1325 2894 defuerunt
1362 2838 1563 2894 tamen
1600 2850 1671 2895 ex
1699 2828 2156 2904 recentioribus,
2185 2827 2401 2911 quibus
2432 2828 2581 2892 haec
2608 2828 2714 2892 de·

350 2928 549 2994 sensio
570 2930 951 3008 satisfaceret,
983 2950 1242 3015 quorum
1263 2952 1423 2998 unus
1446 2934 1700 3018 insuper
1721 2934 1961 3010 addidit,
1990 2941 2110 2997 tam
2134 2941 2322 2997 artam
2345 2919 2710 2996 Graecorum

353 3032 643 3115 opinione
687 3035 1173 3101 coniunctionem
1214 3037 1462 3101 Iunonis
1511 3058 1647 3103 cum
1689 3039 1826 3104 love
1863 3039 2075 3115 misse,
2109 3046 2202 3115 ut,
2246 3035 2382 3100 licet
2408 3035 2504 3100 illa
2541 3044 2712 3100 antea

350 3136 703 3202 discessisse
741 3139 817 3204 ab
855 3160 928 3203 eo
959 3142 1114 3216 dicta
1156 3141 1263 3218 sit,
1303 3142 1490 3207 nihilo
1530 3143 1735 3207 miuus
1774 3153 1974 3207 tamen
2012 3159 2176 3206 nunc
2212 3142 2385 3224 quasi
2422 3159 2710 3224 praesens

349 3240 549 3305 induci
578 3243 859 3325 potuerit.
948 3245 1096 3310 Tam
1129 3255 1449 3329 promptos
1487 3247 1561 3310 ad
1591 3246 1955 3311 credendum
1984 3246 2325 3310 animos‘de
2363 3245 2710 3309 huiusmodi

348 3348 813 3429 propugnaculis
860 3349 1108 3413 deiicere
1155 3351 1374 3414 frustra
1423 3351 1679 3415 coneris.
1778 3351 2053 3415 Ceterum
2094 3352 2372 3415 cohaeret
2407 3349 2505 3413 hic
2541 3348 2711 3412 locus

352 3467 492 3513 cum
531 3450 715 3516 altero
758 3453 916 3518 haud
956 3453 1158 3517 minus
1201 3463 1514 3536 suspecto,
1555 3454 1702 3531 XVI,
1741 3455 1888 3531 666,
1929 3455 1993 3517 in
2032 3474 2154 3538 quo
2194 3456 2334 3519 item
2367 3452 2708 3517 Zenodotus

347 3571 479 3618 non
517 3553 732 3620 iniuria
769 3557 1104 3632 haesitavit,
1138 3557 1274 3621 licet
1312 3558 1667 3636 medicinam
1708 3577 1834 3622 nou
1873 3559 2018 3622 satis
2055 3578 2348 3642 prospere
2375 3556 2708 3622 tentaverit.

347 3657 570 3741 iupiter
617 3660 810 3738 enim,
847 3661 1353 3744 quemadmodum
1393 3662 1592 3743 paullo
1634 3672 1771 3726 ante
1817 3663 2137 3737 lunonem,
2190 3663 2280 3725 sic
2317 3680 2483 3726 nunc
2517 3661 2705 3724 inter-

346 3762 502 3826 l'ecto
531 3762 879 3846 Sarpedone
909 3765 1245 3850 Apollinem
1274 3765 1617 3848 alloquitur,
1653 3784 1830 3848 quem
1863 3767 1924 3830 in
1961 3766 2066 3830 lda
2096 3767 2316 3830 versari
2353 3784 2479 3830 non
2516 3765 2706 3846 magis

302 3933 306 3937 ,
344 3885 527 3948 quam
555 3866 716 3931 illam
747 3878 923 3950 poeta
950 3869 1246 3934 indicavit.
1306 3869 1460 3934 Hinc
1479 3868 1822 3933 Zenodotus
1852 3889 1965 3952 pro
1996 3889 2069 3934 eo
2095 3870 2258 3953 quod
2289 3889 2449 3934 nuuc
2475 3869 2704 3950 legitur,

343 3965 475 4034 ml
521 3962 671 4036 τότ’
724 3963 1126 4038 ,Ἀπόλλωνα
1181 3970 1495 4063 προσέφη
1558 3967 2034 4061 νεφεληγερέτα
2091 3969 2290 4052 Zetis,
2354 3975 2444 4039 sic
2500 3974 2706 4058 potius

342 4075 726 4141 scribendum
762 4078 971 4155 suasit,
1015 4073 1135 4142 καὶ
1168 4070 1314 4143 τότ’
1347 4070 1458 4166 ἄρ’
1488 4071 1566 4158 ἐξ
1595 4067 1785 4164 ’Ίόης
1827 4073 2138 4166 προσέφη
2177 4074 2347 4156 Ζεῦς
2387 4069 2467 4143 ὃν
2508 4071 2707 4166 φίλον

341 4169 515 4259 υἱόν,
555 4181 747 4246 deleto
788 4181 967 4246 simul
1006 4201 1185 4246 versu
1214 4183 1373 4260 677,
1417 4202 1538 4266 quo
1568 4182 1642 4247 ab
1672 4182 1772 4246 lda
1812 4183 2202 4247 descendisse
2229 4183 2442 4266 Apollo
2472 4182 2701 4248 dicitur.

342 4281 429 4347 De
478 4268 851 4352 correctione
902 4287 1013 4350 ista
1068 4288 1426 4350 contendere
1475 4288 1758 4352 nolumus
1810 4305 1949 4351 cum
2001 4287 2349 4352 adversariis
2398 4287 2705 4364 Zenodoti,

342 4387 565 4471 quibus
607 4389 925 4454 ridiculum
952 4390 1285 4465 videbatur,
1323 4391 1521 4455 Iovem
1564 4413 1634 4457 ex
1666 4392 1766 4455 lda
1797 4402 2004 4456 monte
2030 4393 2361 4474 Apollinem
2399 4392 2705 4458 absentem
