3102 4866
252 1390 900 1494 commo
929 1393 1052 1489 tv,
1086 1391 1214 1488 An
1245 1388 1719 1532 fflcssssoms
1747 1390 1921 1486 Lm
1951 1307 2075 1486 m:
2101 1307 2310 1486 mi
2343 1311 2620 1536 'neon

376 1687 774 1771 Absolvemus
802 1703 924 1769 hoc
949 1712 1390 1788 programmate
1419 1722 1571 1787 quas
1593 1701 1916 1767 instuimus
1939 1699 2479 1768 commentationes
2500 1703 2621 1769 cri-
2655 1712 2690 1766 3

249 1806 398 1873 tices
417 1809 492 1873 de
511 1808 814 1874 Ciceronis
835 1806 1004 1874 libris
1028 1808 1103 1874 de
1124 1815 1338 1873 natura
1366 1808 1649 1885 deorum,
1671 1824 1975 1892 quumque
1996 1804 2415 1900 superioribus
2431 1806 2625 1900 ti'ibus

253 1913 682 1998 scriptionibus
713 1912 894 1997 primi
923 1931 993 1978 ac
1021 1913 1269 1979 secundi
1296 1912 1434 1978 libri
1463 1912 1634 1977 locos
1666 1911 2144 1988 tractaverimus,
2189 1910 2309 1976 iam
2339 1910 2417 1974 de
2443 1893 2619 1976 telio

248 2016 407 2082 libro
439 2016 758 2082 dicendum
789 2016 918 2082 erit.
1006 2017 1077 2082 In
1103 2018 1284 2083 huius
1313 2017 1494 2100 igitur
1515 2017 1722 2099 capite
1735 2017 1766 2080 1
1794 2019 1834 2094 ς
1858 2015 1901 2081 2
1932 2015 2008 2080 ad
2031 2014 2233 2080 Velleii
2255 2014 2622 2079 orationem.

253 2119 623 2186 Praebebo
648 2138 777 2203 ego
818 2138 926 2185 me
965 2121 1100 2186 tibi
1138 2130 1498 2188 attentum
1537 2129 1795 2185 contra
1837 2120 2136 2194 Stoicos
2175 2119 2621 2184 auditorem:

254 2243 466 2309 spero
497 2225 683 2289 enim
713 2232 809 2300 te,
838 2234 918 2289 ut
946 2225 1174 2305 soles,
1205 2225 1389 2290 bene
1418 2233 1753 2310 paratum
1791 2224 2080 2289 venire:
2120 2223 2328 2289 Cottae
2353 2239 2619 2306 respon·

244 2329 344 2393 sio
373 2330 519 2394 haec
545 2329 784 2412 legitur:
817 2327 913 2392 ‘Si
965 2328 1391 2394 mehercule.
1479 2327 1729 2411 Neque
1778 2326 1967 2392 enim
2017 2326 2194 2392 mihi
2247 2339 2378 2410 par
2427 2327 2619 2392 ratio

252 2454 408 2499 cum
438 2433 722 2499 Lucilio
754 2443 890 2510 est,
929 2453 1009 2499 ac
1045 2443 1279 2500 tecum
1307 2433 1458 2500 ruit.
1547 2432 1686 2498 Non
1726 2432 1942 2498 iniuria
1971 2441 2169 2498 autem
2198 2431 2344 2526 illud
2373 2430 2437 2497 si
2459 2450 2619 2497 me·
2709 2502 2714 2507 ,

250 2537 549 2603 hercule
577 2538 875 2622 plerisque
904 2537 1223 2621 displicuit.
1289 2538 1442 2603 Nam
1473 2538 1638 2621 quod
1665 2537 1942 2602 nonnulli
1973 2537 2235 2622 optantis
2261 2537 2412 2602 baec
2438 2532 2619 2602 v'oeba'
2681 2582 2686 2587 -

251 2661 387 2721 esse
414 2641 652 2719 volunt,
691 2649 759 2706 ut
800 2642 861 2706 si
900 2641 1225 2725 accipiatur
1262 2662 1375 2726 pro
1409 2641 1717 2718 utinam,
1759 2628 2266 2725 subaudiaturque
2299 2661 2375 2706 ex
2416 2640 2617 2707 velleii

251 2745 521 2810 oratione
546 2745 788 2809 verbum
814 2744 1157 2822 venirem,
1185 2763 1439 2830 eamque
1450 2746 2003 2831 interpretationem
2029 2745 2410 2830 comprobari
2431 2762 2619 2828 posse

252 2849 503 2914 credunt
543 2848 889 2914 huiusmodi
931 2848 1110 2927 locis,
1158 2848 1385 2932 quales,
1411 2859 1558 2914 sunt
1600 2850 1674 2915 de
1717 2851 1890 2916 offic.
1936 2850 2036 2928 m,
2087 2850 2188 2927 10,
2217 2851 2333 2914 44;
2370 2844 2619 2932 itaque

251 2954 698 3039 praeclarum
731 2973 766 3018 a
794 2953 1206 3019 maioribus
1234 2954 1651 3038 accepimus
1680 2973 1952 3020 morem
1981 2952 2287 3038 rogandi
2316 2953 2620 3030 iudicis,

254 3058 314 3122 si
346 3077 501 3124 eum
524 3067 965 3123 teneremus.
989 3057 1290 3143 pnFlacc.
1313 3076 1365 3124 c.
1392 3059 1451 3138 7,
1479 3060 1591 3123 15:
1633 3078 1671 3123 o
1715 3078 1983 3124 morem
2015 3059 2473 3143 praeclarum
2502 3058 2640 3122 di'--
2681 3134 2688 3144 ¹

252 3162 897 3247 sciplinamque‚si
931 3161 1219 3246 quidem
1248 3172 1696 3229 teneremus.
1744 3163 1880 3228 Sed
1903 3149 2618 3246 nescio‚quopacto,

250 3267 388 3331 iam
418 3266 501 3332 de
530 3266 869 3332 manibus
906 3265 1232 3331 elabitur.
1323 3266 1482 3349 virg.
1512 3267 1662 3331 Aen.
1693 3266 1796 3343 vl,
1833 3265 1986 3332 187:
2025 3266 2090 3330 si
2129 3283 2326 3331 nunc
2360 3285 2441 3330 se
2476 3283 2618 3330 no·
2657 3298 2666 3309 =
2764 3283 2771 3290 ·

248 3368 363 3435 bis
392 3370 516 3435 ille
542 3388 808 3435 aureus
839 3370 1095 3435 arbore
1122 3389 1368 3435 ramus
1400 3369 1753 3436 ostendat
1776 3389 2074 3436 nemore
2102 3371 2176 3435 in
2205 3377 2443 3434 tanto:
2472 3370 2621 3435 haec

188 3490 197 3497 ·
251 3482 619 3558 quantopere
659 3493 784 3540 non
824 3475 1013 3541 modo
1055 3494 1090 3539 a
1127 3483 1341 3540 nostro
1370 3474 1539 3552 loco,
1579 3475 1687 3539 sed
1718 3475 1897 3540 etiam
1925 3475 2085 3539 inter
2114 3493 2182 3539 se
2210 3464 2442 3538 divona
2473 3472 2616 3551 sint,

252 3577 416 3642 facile
441 3563 798 3661 intelligitur.
886 3578 1037 3643 Nam
1069 3577 1332 3661 optantis
1363 3578 1611 3661 quidem
1643 3580 1837 3645 oratio
1874 3598 2004 3645 non
2031 3586 2236 3663 potest
2261 3578 2380 3643 nisi
2408 3578 2470 3643 in
2495 3579 2618 3644 Λο-

249 3681 444 3747 neidis
470 3681 605 3747 loco
637 3683 909 3771 agnosci3
937 3683 1148 3771 reliqui
1179 3682 1299 3747 duo
1343 3682 1814 3749 enuntiationem
1854 3683 2076 3749 habent
2111 3701 2276 3749 mene
2313 3673 2615 3748 eonditio⁴

251 3786 474 3861 nalem,
514 3786 682 3869 cuius
722 3788 867 3852 haec
904 3787 991 3852 vis
1022 3796 1142 3866 est,
1183 3796 1289 3866 ut,
1319 3806 1472 3872 quae
1508 3796 1647 3853 ante
1675 3788 1830 3854 dicta
1870 3797 2070 3866 erant,
2101 3787 2619 3873 reprehendantur
2749 3826 2753 3831 -

249 3889 697 3974 quodammodo
727 3910 797 3955 ac
821 3891 1167 3956 limitentur.
1258 3890 1489 3976 Nempe
1517 3892 1619 3977 qui
1659 3911 1798 3957 mos
1825 3913 1952 3957 non
1981 3900 2245 3970 tenetur,
2285 3910 2617 3976 propemo-

249 3995 394 4058 dum
432 3992 684 4078 perinde
722 4002 842 4069 est,
885 4013 956 4059 ac
1000 3995 1051 4059 si
1093 4014 1175 4061 ne
1217 4006 1499 4082 acceptus
1543 3997 1786 4082 quidem
1832 3998 1928 4062 sit.
2019 3997 2397 4081 Significatur
2440 3995 2620 4079 igitur

248 4098 620 4182 praeclarum
663 4098 827 4162 illum
870 4118 1099 4164 morem
1131 4100 1447 4180 maiorum,
1475 4102 1537 4167 h.
1571 4123 1624 4167 e.
1670 4101 1874 4167 utilem
1916 4121 1987 4166 ac
2016 4102 2336 4166 salutarem
2377 4092 2613 4177 civitati,
2629 4117 2680 4169 -4

248 4210 559 4287 acceptum
594 4202 684 4267 sic
702 4203 948 4267 demum
977 4222 1112 4269 vere
1140 4204 1460 4270 dicendum
1492 4206 1695 4283 fuisse,
1724 4205 1772 4270 si
1802 4213 2105 4269 teneretur
2129 4213 2309 4290 atque
2335 4205 2618 4271 observa-

249 4316 414 4372 mtur
441 4328 475 4372 a
506 4307 752 4373 civibus.
783 4342 871 4355 —
901 4307 1019 4372 Sed
1060 4310 1491 4398 conditionalia
1522 4309 1846 4394 particulae
1897 4308 1960 4372 in
1995 4310 2263 4393 optando
2295 4317 2619 4392 usurpatae
2669 4337 2676 4343 ·

250 4420 436 4496 quum
471 4412 719 4477 omnino
745 4412 974 4476 rariora
1017 4402 1141 4475 sint
1177 4414 1338 4498 apud
1367 4414 1615 4479 Latinos
1653 4413 1982 4496 scriptores
2014 4414 2313 4499 exempla,
2342 4450 2432 4463 —
2459 4415 2617 4501 apud
