3102 4866
1413 305 1541 372 109

289 490 617 557 christiana
660 493 932 560 doctrina
972 490 1135 580 περὶ
1183 490 1305 582 τῆς
1354 484 1624 559 ἄνωθεν
1672 490 1865 580 παρὰ
1916 491 2089 561 θοοῦ
2129 490 2490 585 κατιούσης
2531 490 2656 561 ἐπὶ

289 589 451 672 τοῦς
495 587 754 716 ἁγίους..ν
774 588 1021 684 ἄνδρας
1064 595 1349 686 δωρεᾶς,
1404 588 1486 686 ἣν
1537 595 1805 681 πνεῦμα
1846 590 2044 683 ἅγιον
2090 589 2544 683 ὀνομάζουσιν
2585 589 2655 664 οἶ

295 688 471 783 ἱεροὶ
513 698 885 790 προφῆται.
975 703 1179 787 Neque
1211 723 1348 769 vero
1378 722 1536 769 unus
1564 713 1669 767 aut
1695 702 1843 767 alter
1869 702 1949 768 ita
1980 704 2272 770 sentiebat
2297 725 2333 770 e
2358 703 2657 779 veteribus

279 800 428 866 istis
475 805 751 888 paganis,
800 809 907 874 sed
949 817 1076 872 erat
1111 809 1260 874 baec
1307 819 1594 873 constans
1642 815 1703 871 et
1746 807 1926 871 infixa
1976 808 2275 893 plerisque
2320 808 2655 893 persuasio,

293 907 466 972 cuius
494 917 681 978 testes
708 912 850 978 inde
887 911 962 976 ab
991 910 1256 977 Homero
1297 921 1358 977 et
1384 911 1719 977 fabularum
1755 911 2101 976 auctoribus
2131 932 2320 996 usque
2347 913 2422 979 ad
2450 913 2658 980 Plato·-

295 1036 438 1082 nem
477 1017 719 1102 plurimi
757 1015 1010 1100 produci
1045 1028 1324 1101 possunt.
1411 1016 1695 1080 Extitisse
1730 1017 1907 1081 etiam
1946 1034 2075 1081 non
2102 1034 2332 1100 paucos
2356 1018 2660 1102 qui-aliter

294 1131 652 1201 statuerent,
689 1122 827 1205 quis
867 1131 969 1193 aut
996 1121 1187 1186 nescit
1210 1128 1314 1186 aut
1349 1119 1661 1185 mirabitur
1678 1127 1699 1166 ¹
1720 1118 1830 1200 ⁶)?
1914 1121 2119 1205 Neque
2152 1121 2460 1188 intercedo
2482 1122 2657 1206 equi·

296 1225 433 1290 dem
447 1252 468 1303 ·,
507 1227 832 1310 quominus
860 1226 1080 1290 borum
1111 1225 1403 1291 sententia
1432 1224 1614 1290 bodie
1651 1224 1825 1289 alicui
1854 1228 2051 1292 verior
2078 1246 2214 1292 esse
2240 1226 2536 1292 videatur:
2564 1237 2659 1291 eat
2724 1254 2730 1263 ·
2800 1260 2807 1265 ·

290 1329 452 1393 enim
479 1329 623 1394 buic
647 1331 912 1395 noviciae
942 1330 1273 1407 doctrinae,
1312 1331 1543 1414 qualem
1585 1331 1852 1415 plerique
1888 1350 2054 1397 nunc
2080 1331 2521 1418 amplexantur,
2540 1331 2658 1396 ali·

290 1443 520 1517 quanto
558 1435 1025 1500 convenientior.
1113 1435 1234 1499 Sed
1274 1434 1417 1501 illud
1453 1444 1657 1500 tamen
1685 1455 1814 1500 non
1852 1436 2164 1501 ferendum
2203 1455 2342 1502 esse
2378 1436 2657 1512 arbitror,

290 1539 344 1601 si
373 1539 510 1622 quis
539 1540 697 1604 banc
730 1540 1082 1624 sapientiam
1120 1540 1298 1604 etiam
1330 1540 1629 1605 veteribus
1656 1539 1805 1615 illis,
1843 1539 2131 1624 Aeschyio
2169 1541 2418 1625 eiusque
2435 1539 2657 1605 simili-

291 1642 408 1708 bus
441 1644 768 1708 obtrudens
809 1644 1023 1708 deinde
1050 1643 1197 1720 sibi,
1242 1642 1329 1707 ad
1344 1643 1490 1709 Livii
1531 1643 1897 1729 exemplum,
1935 1645 2210 1728 antiquas
2244 1664 2346 1710 res
2386 1645 2658 1709 metanti

293 1746 563 1811 animum
603 1747 731 1811 fleri
768 1748 1080 1831 antiquum
1120 1747 1423 1830 gloriatur.
1510 1747 1656 1813 Mihi
1685 1748 1888 1824 aede,
1916 1766 2046 1813 non
2073 1748 2356 1899 antiquus
2382 1748 2656 1813 ἰιιοωι·

291 1870 452 1927 mus,
483 1850 590 1914 sed
619 1851 796 1933 plane
823 1861 988 1915 totus
1017 1851 1289 1916 novicius
1317 1860 1431 1916 est.
1549 1882 1577 1893 ··
2044 1874 2051 1893 ι

465 1953 643 2019 Nunc
668 1955 735 2019 Io
767 1955 1224 2039 contemplanda
1252 1955 1384 2032 erit,
1412 1955 1487 2019 de
1516 1975 1634 2038 qua
1662 1975 1815 2039 quae
1836 1955 2215 2021 Hermannns
2244 1957 2393 2021 mibi
2422 1872 2657 2033 obiecit,

289 2058 440 2123 baec
474 2077 717 2142 quoque
753 2069 914 2124 recte
953 2059 1281 2124 examinata
1318 2059 1466 2123 nibil
1492 2060 1614 2123 nisi
1644 2061 1853 2124 falsam
1891 2062 1965 2125 de
1992 2060 2130 2124 love
2158 2059 2503 2142 Aeschyteo-
2496 2078 2654 2142 ·-per

289 2163 637 2227 suasionem
675 2163 914 2245 penitus
951 2163 1153 2227 animo
1193 2163 1321 2227 eius
1358 2163 1654 2227 insedisse
1692 2163 2128 2227 demonstrant.
2170 2162 2522 2228 Fatendum
2558 2172 2655 2227 est

292 2286 464 2344 sane,
504 2267 829 2350 permultas
867 2269 943 2333 de
974 2267 1281 2332 amoribus
1310 2266 1561 2331 deorum
1594 2266 1818 2331 fabulas
1845 2267 1928 2331 ita
1954 2276 2059 2332 aut
2092 2266 2365 2331 fictas‘ab
2390 2267 2657 2331 auctori·

289 2371 406 2437 bus
434 2378 538 2437 aut
574 2370 823 2436 diffictas
849 2391 883 2435 a
914 2371 1349 2456 posterioribus
1378 2391 1537 2447 esse,
1579 2380 1646 2435 ut
1671 2372 1980 2455 religiosae
2018 2372 2270 2437 deorum
2297 2369 2659 2436 mentioni

292 2494 418 2542 non
457 2484 715 2560 possent
751 2494 876 2541 non
920 2495 1288 2559 magnopere
1326 2477 1595 2540 officere:
1633 2485 2041 2542 verumtamen
2079 2476 2181 2560 qui
2221 2475 2366 2539 nibil
2396 2475 2555 2540 aliud
2582 2476 2660 2540 iis

291 2579 574 2644 omnibus
599 2598 776 2663 quam
808 2581 1159 2644 amatoriam
1182 2580 1482 2663 quandam
1508 2579 1817 2643 libidinem
1846 2589 1905 2644 et
1923 2579 2438 2662 intemperantiam
2468 2580 2659 2662 signi·

288 2684 453 2749 ficari
492 2683 842 2760 contendat,
894 2684 1053 2749 baud
1091 2684 1294 2748 minus
1333 2685 1617 2767 profecto·
1656 2692 1889 2766 peccet,
1939 2703 2118 2766 quam
2159 2684 2264 2766 qui
2298 2683 2364 2748 in
2399 2682 2562 2747 nulla
2596 2683 2659 2748 id

292 2789 689 2853 commissum
732 2807 868 2853 esse
907 2789 1127 2853 credat.
1215 2786 1467 2852 Probavi
1508 2787 1814 2869 equidem,
1850 2787 1909 2852 id
1940 2788 2102 2871 quod
2131 2788 2225 2852 alii
2255 2806 2505 2870 quoque
2536 2788 2660 2852 uu-

174 2865 192 2883 '
291 2891 434 2957 cnm
474 2892 913 2968 intellexerunt,
952 2892 1206 2957 amesae
1241 2891 1589 2956 huiusmodi
1630 2891 1866 2968 rabulis,
1904 2909 2031 2955 non
2070 2891 2311 2975 quidem
2348 2892 2658 2967 omnihus,

290 2996 398 3061 sed
437 3006 635 3061 tamen
673 3015 799 3060 non
839 2996 1074 3080 paucis,
1115 3014 1248 3061 eam
1285 2996 1669 3073 sententiam,
1708 3004 1777 3060 ut
1805 2996 1917 3073 dii,
1958 3015 2077 3080 quo
2106 3014 2299 3079 genus
2327 2997 2660 3060 humanum

289 3100 362 3165 ad
404 3101 498 3165 sui
537 3099 988 3165 similitudinem
1026 3100 1399 3185 extollerent,
1436 3117 1791 3183 procreasse
1829 3098 2170 3163 dicerentur
2195 3119 2269 3164 ex
2306 3099 2660 3165 mortalibus

288 3203 641 3268 mulieribus
670 3204 845 3280 filios,
871 3204 938 3268 in
965 3204 1185 3288 quibus
1209 3205 1466 3269 bumana
1497 3213 1709 3268 natura
1740 3223 1879 3268 cum
1909 3202 2102 3269 divina
2133 3204 2452 3269 coniuncta
2475 3213 2663 3292 esset,

288 3317 349 3372 et
380 3309 481 3391 qui
514 3308 725 3372 ceteris
749 3316 856 3372 aut
876 3307 1145 3391 exempla
1171 3308 1417 3372 ederent
1435 3307 1510 3371 ad
1535 3307 1907 3383 imitandum,
1937 3315 2039 3371 aut
2058 3308 2210 3372 vitae
2238 3327 2453 3374 eormn
2482 3327 2658 3393 prae-

291 3411 466 3476 claris
511 3412 681 3476 factis
730 3422 790 3475 et
837 3410 1125 3476 institutis
1164 3411 1541 3494 prodessent.
1631 3411 1701 3475 ld
1743 3410 2123 3477 Hermannus
2170 3431 2367 3497 neque
2411 3421 2659 3479 auctore
2783 3437 2792 3447 ·

289 3515 408 3580 ullo
438 3523 721 3580 testatum
750 3532 861 3579 nec
887 3534 954 3580 re
983 3513 1443 3598 comprobatum
1469 3533 1608 3578 esse
1635 3515 1855 3597 arguit,
1897 3517 2000 3580 sed
2030 3517 2086 3580 si
2116 3516 2253 3600 quis
2292 3517 2480 3582 bomo
2507 3517 2657 3611 alios

288 3620 501 3683 virtute
536 3618 797 3684 multum
837 3619 1237 3697 antecelleret,
1274 3638 1411 3683 eum
1443 3618 1636 3683 visum
1668 3640 1806 3685 esse
1840 3620 1918 3684 ab
1947 3620 2061 3685 'deo
2100 3621 2392 3705 originem
2421 3621 2656 3697 ducere,

287 3732 357 3788 ut
382 3722 721 3788 Tantalidae
751 3721 906 3802 illos,
1013 3815 1020 3820 ·

428 3915 513 3983 16)
549 3915 796 3970 Novimus
812 3924 981 3971 tamea
999 3916 1150 3969 buius
1169 3917 1463 3970 eoumriae
1481 3917 1772 3986 ιοιιιοιιιὶιο
1788 3923 1911 3972 ante
1930 3919 2273 3988 sophistarum
2288 3924 2656 3974 amma-e-

285 4011 451 4057 torem
476 4003 696 4057 nnllam:
719 4011 918 4073 postea,
943 4003 1148 4069 labente
1172 4011 1354 4058 vetere
1377 4004 1664 4073 disciplina,
1688 4004 1845 4058 latius
1864 4007 2074 4075 serpsit.
2121 4006 2233 4059 flue
2253 4007 2497 4075 pertinet,
2518 4006 2657 4074 quod

286 4089 392 4144 Cic.
417 4090 482 4143 de
503 4089 570 4144 N.
595 4090 657 4146 D.
677 4088 771 4157 m,
807 4089 875 4142 36
903 4089 1258 4144 Academicum
1281 4090 1532 4144 dicentem
1565 4090 1716 4145 facit:
1741 4090 2036 4157 „Virtutem
2058 4107 2208 4146 nemo
2232 4107 2449 4161 unquam
2470 4108 2656 4162 aceep-

284 4184 388 4231 tam
427 4177 525 4230 deo
566 4177 766 4231 retulit.
822 4174 1074 4229 Nimirum
1118 4184 1279 4230 nete.
1346 4176 1569 4246 Propter
1600 4178 1848 4230 virtutem
1890 4178 2023 4231 euim
2054 4179 2167 4231 iure
2208 4178 2476 4232 laudamur
2512 4186 2574 4232 et
2598 4180 2658 4232 in

283 4266 479 4319 vlu-nte
502 4272 648 4319 recte
672 4264 974 4331 gloriamur,
1000 4263 1134 4332 qnod
1159 4279 1259 4316 non
1281 4265 1634 4331 contineret,
1660 4264 1703 4316 si
1727 4264 1778 4315 id
1804 4263 1991 4317 donum
2011 4281 2042 4317 a
2062 4265 2184 4331 deo,
2208 4280 2309 4317 uon
2332 4264 2536 4319 anobis
2559 4265 2657 4318 ba-

285 4351 541 4406 beremns.
587 4352 720 4407 Num
744 4352 876 4420 qula,
902 4350 1038 4420 quod
1058 4350 1222 4404 bonu
1246 4351 1332 4404 vir
1353 4359 1515 4418 esset,
1538 4350 1735 4418 gratias
1758 4350 1859 4404 diis
1884 4351 1993 4418 egit
2012 4351 2300 4420 nnqumss
2428 4381 2469 4402 .·
2512 4377 2517 4384 ·
