3102 4866
1352 293 1486 361 389

246 486 393 550 dum
420 501 555 548 esse
579 482 822 568 ma.
911 485 1099 554 Allert
1122 491 1321 550 autem
1344 484 1555 568 Cicero
1586 507 1860 568 eausam,
1890 510 1999 558 eur
2025 491 2169 558 illud
2195 492 2323 577 lege
2350 493 2600 566 vetitmn

246 589 343 665 sit,
371 605 521 672 quae
548 586 789 673 quidem
818 587 894 672 ab
914 588 1318 666 «auditoribus,
1353 591 1569 655 vetusti
1607 612 1681 657 ae
1704 594 1933 661 dudum
1964 596 2220 662 obsoleti
2250 598 2441 668 moris
2467 598 2599 674 lor?

244 701 408 774 tasse
442 692 696 776 ignaris,
742 710 869 757 non
909 712 1021 758 sus
1058 702 1278 778 sponte
1316 694 1516 760 statim
1545 698 1808 781 perspici
1836 682 2137 783 potuerit'
2199 701 2408 785 Itaque
2436 700 2601 777 olim,

243 794 347 872 ait,
376 796 498 861 boe
522 796 854 862 factitatum
883 815 1018 861 esse
1046 797 1247 875 eredo,
1275 806 1344 862 ut
1370 798 1476 870 uni
1505 798 1679 883 plura
1711 802 1919 868 fierent
1939 804 2166 882 funem,
2190 805 2457 888 primum
2480 805 2601 882 sei?

242 899 408 976 lieet,
459 917 647 985 quum
683 898 771 964 ad
798 918 1015 984 rogum
1054 920 1278 985 eorpus
1319 903 1655 981 efferretur,
1702 905 1972 984 altemm
2003 909 2174 986 dein.
2201 920 2302 975 et·
2330 895 2611 991 fortassis

243 1004 426 1070 etiam
455 1004 645 1089 plura,
677 1021 861 1088 quum
890 1003 1037 1071 lecta
1066 1013 1210 1090 post
1240 1005 1721 1075 combustionem
1763 1030 1903 1077 ossa
1932 1013 2130 1098 aliquo
2157 1022 2307 1098 post
2323 1021 2605 1099 tempore
2721 1057 2732 1068 -

244 1109 312 1174 in
339 1095 634 1174 tumulum
663 1109 1055 1186 defensatur,
1083 1109 1250 1175 lectis
1280 1117 1342 1174 et
1367 1109 1500 1194 ipsa
1522 1111 1938 1196 imposita.-
1850 1117 2088 1182 -Sed
2116 1117 2332 1202 excipit
2349 1116 2450 1183 lex
2474 1117 2602 1183 bel-

198 1202 420 1278 ''lieam
472 1213 974 1297 peregrinamque
1018 1222 1306 1290 mortem,
1359 1213 1419 1279 b.
1459 1235 1510 1280 e.
1554 1218 1656 1299 qui
1694 1218 1756 1283 in
1796 1219 1948 1285 bello
1986 1240 2057 1284 ae
2091 1239 2338 1305 peregre
2377 1222 2600 1307 mortui

246 1326 406 1394 sunt,
434 1336 643 1382 eorum
675 1318 841 1400 plura
875 1318 1099 1393 ulnera,
1127 1316 1264 1382 bina
1295 1317 1532 1396 saltem,
1564 1321 1692 1386 fleri
1720 1323 1881 1400 lieet,
1911 1323 2174 1406 primum
2203 1344 2276 1389 eo
2306 1303 2470 1402 loeo,
2495 1325 2601 1390 ubi
2726 1353 2737 1364 ·

245 1421 546 1498 obierunt,
584 1440 768 1505 quum
800 1422 1174 1487 comburitur
1202 1441 1457 1507 eorpus,
1493 1424 1746 1491 alterum
1785 1426 1850 1492 in
1886 1428 2108 1513 patria,
2139 1431 2326 1511 quum
2356 1447 2497 1494 ossa
2525 1429 2601 1495 ad

245 1525 623 1610 propinquos
672 1525 856 1590 relata
885 1514 1136 1591 'tumulo
1191 1527 1554 1593 conduntur.
1684 1532 1878 1614 Atque
1927 1531 2090 1596 bunc
2137 1550 2371 1597 morem
2422 1532 2604 1598 etiam
2740 1572 2748 1583 ·

244 1629 489 1694 Athenis
541 1628 875 1696 obtinuisse
910 1649 1096 1713 quum
1140 1629 1251 1694 alia
1301 1633 1566 1715 exempla
1618 1633 2057 1713 demonstrant,
2098 1643 2225 1701 tim
2264 1636 2407 1702 illud
2438 1637 2601 1721 quod

245 1745 403 1801 extat
452 1736 611 1819 apud
661 1735 897 1800 Isaeum
938 1744 1237 1801 oratorem
1278 1736 1352 1800 de
1392 1737 1597 1802 bered.
1634 1737 1955 1805 Nicostrati
2007 1744 2108 1820 {5-
2130 1740 2233 1805 .19
2276 1750 2338 1806 et
2375 1740 2491 1818 26,
2529 1761 2602 1807 ex

244 1840 463 1923 quibus
502 1840 654 1905 loeis
695 1839 1090 1923 posteriorem
1134 1838 1408 1905 Reiskius
1450 1840 1539 1905 vel
1573 1842 1903 1924 ignorantia
1944 1844 2136 1910 moris
2172 1844 2266 1910 vol
2307 1844 2604 1911 oblivione

245 1944 494 2009 mirifice
519 1944 898 2027 interpretari
931 1952 1183 2009 conatus
1211 1952 1322 2008 est.
2141 2005 2186 2040 ,ἦ

417 2048 540 2113 Iam
579 2066 718 2113 vero
759 2047 813 2112 si
843 2056 1003 2113 reete
1040 2048 1138 2113 isti
1181 2066 1391 2113 versus
1432 2067 1467 2113 a
1505 2049 1684 2115 nobis
1707 2070 1819 2116 suo
1846 2050 1983 2118 loeo
2012 2052 2262 2137 repositi
2293 2062 2455 2129 sunt,
2482 2053 2604 2118 boe

245 2173 487 2238 quoque
520 2162 790 2237 apparet,
827 2171 956 2218 υου
992 2153 1195 2218 inesse
1235 2153 1297 2219 in
1336 2152 1412 2218 iis
1449 2153 1764 2221 duodecim
1802 2155 2135 2221 tabularum
2186 2157 2604 2240 fragmentum,

247 2258 456 2343 quod
439 2277 639 2323 inesse
668 2275 879 2322 omnes
907 2257 1104 2322 adhue
1128 2256 1235 2328 viri
1268 2257 1430 2323 docti
1461 2257 1863 2336 erediderunt,
1893 2260 2013 2325 boe
2040 2262 2163 2326 lere
2190 2261 2377 2325 modo
2405 2280 2441 2326 a
2469 2260 2601 2345 ple·

244 2363 450 2449 risque
477 2372 862 2447 conceptum:

450 2468 566 2534 Uni
594 2466 763 2551 plura
793 2468 1001 2532 lunera
1031 2468 1313 2533 netaoito
1342 2485 1490 2532 neve
1517 2469 1705 2534 lectos
1733 2469 1936 2552 plures
1967 2470 2238 2535 sternito.

108 2658 115 2663 ὓ
248 2575 484 2656 Quippe
522 2590 649 2637 υου
687 2572 877 2654 legem
905 2571 1160 2655 aliquam
1202 2569 1406 2637 Cicero
1448 2571 1562 2637 illis
1592 2572 1785 2637 verbis
1813 2574 2011 2647 refert,
2033 2573 2142 2637 sed
2174 2591 2345 2638 suam
2374 2571 2602 2655 prioris

247 2678 390 2761 togis
430 2676 878 2759 explicatione·
923 2675 1240 2759 proponit:
1279 2694 1415 2741 ossa
1443 2674 1561 2759 1091·
1598 2693 1711 2759 quo
1747 2687 1887 2760 pose
1921 2675 2112 2761 ῥοιαὶ
2136 2677 2249 2762 fiat
2285 2685 2603 2760 propterea

248 2782 435 2865 negem
487 2779 770 2856 vetuisse,
821 2779 1105 2863 quoniam
1148 2780 1293 2844 oum
1333 2781 1660 2845 factitatum
1701 2780 1909 2854 fuerit,
1950 2791 2020 2846 ιιι
2057 2782 2160 2846 uni
2198 2780 2369 2864 plura
2398 2781 2604 2845 sunm
2737 2835 2746 2841 .
2814 2754 2820 2762 ’

247 2885 474 2951 fierent.
510 2920 600 2933 —
640 2882 911 2965 Ceterum
965 2884 1085 2948 hoo
1134 2903 1374 2969 quoque
1423 2883 1762 2948 addendum
1813 2884 2047 2951 videtur
2088 2886 2172 2953 ad
2224 2883 2599 2949 refellendam

247 3008 458 3055 eorum
497 2990 927 3065 coniecturam,
960 2989 1063 3071 qui
1093 3006 1277 3073 quum
1306 2990 1539 3072 feretra
1569 3006 1681 3071 pro
1710 2987 1925 3072 fierent
1948 2988 2362 3072 reponendum
2392 3007 2601 3054 οευοε-

248 3102 408 3170 τευῑ,
437 3093 692 3177 aliquam
724 3093 1037 3159 duodecim
1065 3093 1400 3158 tabularum
1440 3093 1631 3175 legem
1661 3101 1720 3156 et
1747 3092 1861 3175 ipsi
1891 3094 1987 3159 bis
2016 3094 2215 3160 verbis
2245 3078 2451 3158 referri
2477 3100 2603 3157 sta-

247 3207 509 3264 tuerunt.
595 3197 971 3262 Manifestum
1000 3208 1093 3262 est
1119 3196 1278 3261 enim
1304 3193 1653 3261 'Ciceronem
1684 3197 1850 3280 loqui
1872 3196 1948 3261 de
1971 3216 2040 3262 re
2061 3197 2327 3264 obsoleta
2358 3206 2420 3263 et
2445 3216 2481 3262 a
2511 3196 2607 3262 sui

249 3304 540 3388 temporis
570 3301 840 3366 moribus
861 3310 1124 3375 remota,
1167 3320 1343 3383 quam
1374 3308 1692 3384 propterea
1719 3301 2020 3365 auditores
2047 3301 2306 3367 docendi
2336 3301 2605 3366 videreu-

250 3418 367 3473 tur.
454 3407 520 3472 Id
560 3407 736 3470 etiam
778 3405 1107 3488 Madvigius
1160 3404 1470 3469 intellexit:
1521 3403 2023 3485 ε,ὶευὶ[ὶαινετυῑ,
2026 3411 2061 3441 ‘⁴
2099 3405 2318 3489 inquit,
2370 3423 2607 3524 „quae-

251 3511 434 3577 dam
417 3530 480 3576 m
507 3510 736 3594 legibus
770 3508 1051 3594 praecipi,
1083 3528 1340 3592 quorum
1371 3528 1579 3583 eausa,
1619 3506 1892 3573 moribus
1921 3510 2185 3587 mutatis,
2212 3528 2339 3575 non
2366 3509 2604 3594 perspi·

251 3624 509 3691 oen-etun
547 3635 615 3681 ea
653 3614 960 3698 probabile
997 3633 1133 3679 esse
1171 3614 1247 3679 ad
1275 3614 1512 3680 illorum
1541 3624 1886 3695 temporum
1915 3633 2119 3679 mores
2147 3615 2335 3680 luisse
2362 3632 2605 3680 aenom-
2640 3631 2675 3730 ⁸.

252 3720 509 3786 modata
595 3719 686 3784 Ex
720 3719 941 3784 borum
983 3737 1200 3801 genere
1227 3718 1348 3784 boo
1376 3729 1532 3794 erat3
1561 3725 1801 3802 poterat
1816 3719 1978 3783 enim
2010 3719 2231 3803 quaeri,
2257 3736 2368 3784 eur
2394 3718 2487 3783 lex
2505 3736 2608 3782 ve-

196 3880 207 3889 .
252 3832 405 3891 taret
441 3805 645 3909 plures
680 3824 787 3888 nni
824 3824 1009 3888 lectos
1038 3832 1333 3900 sternere,
1372 3841 1560 3909 quum
1599 3822 1660 3886 id
1689 3840 1869 3886 nemo
1908 3823 2171 3888 faetums
2199 3829 2415 3889 επεν·
2498 3823 2609 3888 At·

251 3930 354 4014 qui
387 3947 517 3994 non
559 3936 797 4012 poterat
834 3928 895 3992 id
943 3928 1178 4011 quaeri,
1220 3929 1443 4013 quippe
1478 3945 1666 4011 quum
1683 3927 1904 4009 plures
1943 3927 2005 3991 in
2034 3946 2159 3992 uno
2189 3929 2397 3993 funere
2422 3927 2609 3992 lectos

250 4033 430 4100 etiam
463 4032 767 4097 Cieeronis
796 4032 1071 4113 aequales
1098 4050 1389 4116 usurpare
1416 4033 1709 4107 solerent,
1749 4048 1943 4114 neque
1972 4032 2176 4115 plures
2211 4040 2475 4107 tantum,
2505 4030 2610 4095 sed

253 4139 429 4203 etiam
458 4136 773 4221 plurimos.
864 4134 1014 4199 Nam
1058 4135 1120 4199 in
1153 4136 1345 4201 Sullae
1372 4137 1616 4221 quidem
1656 4138 1863 4201 funere
1900 4153 2006 4200 sex
2036 4136 2194 4201 mille
2221 4135 2380 4200 baud
2409 4135 2611 4199 minus

254 4244 390 4307 leeti
410 4241 563 4305 -elati
592 4258 731 4304 esse
762 4238 1066 4316 dictinum
1103 4240 1164 4304 in
1195 4242 1401 4304 funere
1438 4240 1692 4304 Marcelli
1734 4247 2047 4304 sexeentos
2087 4241 2392 4323 Augustus
2432 4256 2611 4322 prae·
