3102 4866
1345 264 1473 331 455

237 459 410 522 aaut·
444 453 703 537 saginat
745 450 951 520 laudes
988 454 1138 520 niun
1171 452 1289 519 nisi
1335 452 1670 537 simplicem
1706 466 1779 520 nc
1815 453 2043 521 nudam
2080 454 2341 521 mines
2378 416 2599 521 ,vomui
2648 442 2659 449 ·

232 559 556 643 postulant.
616 557 1020 636 Quamobrem
1050 576 1217 624 nune
1242 577 1342 623 me
1367 577 1507 638 vos,
1534 555 1872 634 auditores,
1911 559 2093 625 huius
2128 560 2241 626 viri
2268 558 2591 641 imaginem

233 682 360 729 non
407 662 674 729 oratorie
733 663 840 728 sed
903 682 1043 728 vere
1096 674 1571 782 proponentem,
1621 664 1903 747 benigne,
1954 683 2213 748 quaeso,
2260 672 2324 731 et
2371 671 2593 788 auente

235 767 594 938 ωιίίιἛιειιιιι
631 879 725 938 est
759 806 1074 958 Bogislaus
1114 872 1332 938 saeetssi
1373 871 1589 937 deeimi
1627 872 1817 957 quinti
1857 891 2018 957 anno
2057 826 2273 973 quarto
2311 882 2375 939 et
2394 820 2591 958 quin-

149 928 160 1021 ⁴-
234 977 599 1062 quagesimo.
645 976 887 1042 Patrem
913 977 1123 1044 habuit
1148 976 1392 1042 Erieum
1420 977 1774 1057 seeundum,
1802 979 2102 1044 Wartislai
2130 979 2300 1057 noni,
2330 978 2460 1045 eius
2486 972 2621 1063 qui'

232 1084 390 1148 hane
423 1079 872 1146 universitatem
909 1080 1203 1164 eondidit‚
1244 1078 1464 1145 filium.
1503 1090 1759 1147 matrem
1798 1080 2121 1166 Sophiam,
2158 1081 2418 1165 Bogislai
2443 1083 2592 1148 noni
2747 1157 2756 1166 ⁸

230 1186 442 1263 filiam,
466 1204 619 1269 quae
644 1185 804 1270 apud
833 1193 1145 1268 patruum,
1183 1183 1427 1249 Erieum
1462 1186 1754 1268 primum,
1793 1184 2041 1251 Sueeiae
2069 1185 2245 1263 olim,
2286 1185 2508 1253 llaniae
2528 1196 2595 1253 et

228 1289 554 1372 Norvagiae
580 1307 784 1372 regem
813 1288 1059 1355 educata
1088 1297 1150 1353 et
1177 1306 1531 1371 magnarum
1546 1288 1679 1355 eius
1700 1289 2037 1376 divitiarum
2062 1289 2236 1355 heres
2266 1292 2417 1357 faeta
2443 1300 2591 1357 erat.
2618 1279 2624 1284 ’

229 1393 451 1459 Puerili
481 1392 795 1476 diseiplina
822 1411 973 1458 usus
1002 1403 1096 1458 est
1122 1392 1249 1471 tali,
1287 1401 1360 1458 ιιι
1384 1392 1566 1458 huius
1597 1393 1868 1478 exemplo
1900 1394 2242 1459 ostendisse
2267 1394 2453 1459 videri
2481 1393 2588 1459 de—

227 1500 365 1565 beat
390 1506 626 1576 natura,
656 1506 949 1582 quantum
978 1498 1107 1583 ipsa
1146 1516 1259 1581 per
1286 1516 1352 1562 se
1390 1496 1693 1580 nullisque
1726 1496 1920 1567 alendi
1949 1507 2129 1582 atque
2157 1496 2466 1563 excolendi
2492 1497 2591 1563 in-

228 1604 384 1688 genii
414 1601 700 1669 subsidiis
728 1602 927 1668 adiuta
953 1603 1187 1668 effieere
1214 1602 1416 1668 valeat.
1473 1601 1628 1667 Nam
1656 1611 1888 1687 patrem
1919 1602 2179 1686 quidem,
2208 1601 2404 1667 virum
2432 1610 2594 1668 eete-
2668 1664 2673 1669 .

227 1707 445 1793 roquin
473 1706 609 1773 belli
637 1707 922 1791 pacisque
951 1708 1179 1773 artibus
1208 1706 1529 1792 egregium,
1558 1725 1680 1790 quo
1709 1707 1913 1772 minus
1935 1706 2194 1771 filiorum
2228 1724 2431 1772 euram
2458 1706 2593 1792 ipse

228 1820 453 1896 ageret,
500 1810 589 1876 rei
639 1811 913 1894 publicae
961 1813 1230 1895 negotia,
1281 1820 1342 1876 et
1391 1811 1738 1896 gravissima
1790 1830 1945 1895 quae
1986 1809 2086 1874 illo
2132 1818 2408 1894 tempore
2449 1829 2590 1876 oum

229 1914 904 1998 Bmdmbm-gensibus
941 1916 1199 1997 gerenda
1227 1924 1398 1981 erant
1430 1915 1583 1981 bella
1618 1914 2008 1999 impedivisse
2044 1914 2347 1980 videntur:
2385 1903 2585 1998 itaque
2619 1926 2686 1980 to

226 2040 415 2087 unum
467 2026 731 2097 tantum,
782 2026 929 2084 naut
979 2018 1303 2096 maiorem,
1351 2019 1735 2085 Wartislaum
1773 2038 1981 2085 seeum
2019 2020 2254 2097 habuit3
2304 2018 2588 2102 reliquos,

228 2125 589 2193 Casimirum
616 2132 678 2189 et
704 2123 1073 2207 Bogislaum‚
1102 2133 1164 2189 et
1189 2124 1452 2209 quinque
1478 2123 1659 2202 filias,
1685 2141 1807 2189 una
1837 2142 1974 2188 eum
2004 2131 2223 2200 matre,
2252 2142 2372 2208 quo
2402 2123 2587 2188 tutio-

225 2250 326 2296 res
371 2231 573 2295 forent
613 2228 689 2293 ah
732 2228 1182 2294 imminentibus
1222 2249 1404 2313 saepe
1440 2227 1733 2293 bellorum
1788 2227 2097 2312 perieulis,
2139 2227 2202 2293 in
2243 2227 2588 2293 orientalem

137 2385 148 2392 .
226 2333 618 2401 Pomeraniae
645 2342 875 2416 partem
897 2333 1208 2418 ablegavit.
1266 2333 1615 2419 lhiSophia,
1632 2352 1822 2416 quum
1852 2333 1970 2398 iam
1992 2332 2243 2398 antehae
2268 2351 2398 2398 non
2426 2332 2588 2416 opti·
2626 2409 2638 2422 ,

228 2460 330 2507 me
356 2458 496 2505 eum
521 2438 622 2503 illo
655 2438 1054 2517 convenisset,
1092 2438 1215 2504 sive
1251 2439 1561 2503 muliebris
1592 2438 1776 2503 animi
1804 2438 2155 2520 impotentia
2182 2437 2590 2522 falsorumque

228 2544 563 2612 amioorum
589 2542 896 2620 instinctu,
924 2542 1048 2608 sive
1075 2543 1242 2626 quod
1269 2542 1471 2608 illicito
1503 2561 1710 2608 amore
1737 2550 1909 2627 capta
1937 2550 2127 2621 esset,
2157 2543 2407 2631 eiusque
2434 2560 2588 2607 oon·

228 2647 477 2715 seientia
505 2654 839 2730 angeretur,
874 2656 1185 2731 tantopere
1230 2655 1325 2712 est
1351 2666 1386 2712 a
1423 2648 1641 2712 marito
1680 2646 1948 2725 alienata,
1977 2655 2046 2711 ut
2070 2664 2382 2731 nunquam
2412 2656 2589 2733 post·

228 2754 367 2831 luo,
417 2750 690 2836 quamvis
754 2769 935 2835 saepe
994 2751 1257 2829 invitata,
1313 2751 1508 2817 redire
1556 2752 1632 2817 ad
1683 2764 1838 2818 eum·
1874 2750 2060 2816 vellet.
2146 2751 2233 2816 Ita
2290 2751 2591 2817 disiuncto

229 2856 592 2924 matrimonii
683 2856 991 2921 consortio
1075 2855 1371 2939 reliquum
1452 2864 1696 2941 tempus
1774 2856 1984 2921 Erieus
2059 2875 2199 2921 oum
2277 2855 2594 2921 wortislao

229 2960 516 3044 wolgasti
529 3008 548 3038 ,
596 2958 820 3044 Sophia
880 2978 1017 3025 oum
1078 2959 1370 3025 Casimiro
1431 2970 1493 3026 et
1550 2960 1829 3044 Bogislao
1887 2960 2265 3043 Rugiwaldae
2322 2960 2594 3044 degebat.

231 3067 302 3131 ln
329 3066 451 3130 hoo
468 3082 740 3140 seoessu,
778 3063 1126 3129 exacerbato
1168 3063 1362 3129 indies
1391 3064 1581 3148 magis
1610 3065 1842 3143 animo,
1880 3083 2010 3131 non
2049 3065 2331 3131 maritum
2371 3066 2589 3142 solum,

227 3170 335 3235 sed
385 3168 540 3233 filios
593 3187 832 3252 quoque
878 3169 1012 3252 ipsa
1059 3187 1207 3235 suos
1221 3216 1238 3246 ‚
1278 3177 1491 3254 utpote
1538 3169 1733 3234 inviso
1780 3170 2171 3236 matrimonio
2222 3179 2594 3254 procreatos,

228 3293 470 3341 summo
501 3273 641 3338 odio
672 3273 891 3338 habere
919 3273 1135 3357 eoepit,
1166 3273 1314 3338 adeo
1344 3281 1414 3338 ιιι
1439 3290 1636 3357 neque
1674 3274 1834 3340 eultu
1870 3275 2182 3360 principali
2220 3295 2328 3340 eos
2366 3275 2588 3340 educa·

228 3390 349 3455 ret,
380 3397 575 3462 neque
612 3377 914 3461 magistris
943 3378 1206 3443 traderet
1228 3377 1408 3443 honis
1439 3377 1666 3444 artibus
1694 3379 2139 3459 informandos,
2169 3381 2482 3463 postremo
2512 3396 2591 3443 ne

225 3486 576 3567 adspectum
612 3482 851 3566 quidem
900 3501 1113 3547 eorum
1150 3482 1405 3548 tolerare
1443 3482 1629 3548 vellet.
1689 3484 1775 3549 lta
1813 3483 2041 3567 pueruli
2088 3493 2358 3549 materna
2403 3483 2589 3548 domo

228 3587 458 3671 expulsi
486 3605 597 3670 per
627 3586 916 3669 oppidum
947 3586 1254 3652 oberrant:
1285 3587 1526 3670 aluntur
1555 3588 1997 3673 oppidanorum
2024 3588 2348 3667 benefieiis,
2368 3588 2422 3654 si
2453 3587 2590 3672 quis
2641 3647 2644 3651 Α
2772 3631 2778 3638 -

233 3699 411 3768 esset,
441 3691 544 3773 qui
572 3710 678 3755 eos
716 3700 819 3756 aut
853 3690 1101 3757 aedibus
1136 3692 1403 3775 recipere
1442 3701 1547 3759 aut
1572 3712 1819 3760 mensae
1847 3694 2127 3759 adhibere
2153 3693 2351 3758 vellet·
2378 3692 2443 3757 in
2470 3711 2590 3777 pu-

177 3879 180 3882 l
230 3795 388 3861 hlieo
423 3795 596 3870 ludo,
636 3796 1007 3879 plebeiorum
1043 3796 1253 3880 pueris
1289 3796 1573 3874 immixti,
1613 3796 1741 3863 non
1777 3800 1853 3863 iis
1894 3798 2164 3882 quibus
2148 3816 2318 3882 ipsos
2350 3796 2595 3862 decebat

228 3899 485 3977 artibus,
523 3899 630 3963 sed
666 3900 762 3965 vix
797 3900 1010 3985 primis
1039 3901 1345 3986 literarum
1374 3904 1681 3970 elementis
1719 3904 2090 3968 imbuuntur.
2151 3903 2421 3969 Fuerunt
2446 3919 2595 3967 sane

235 4003 431 4080 multi,
462 4022 618 4086 quos
649 4013 767 4069 tam
805 4003 1084 4088 indignae
1120 4007 1304 4073 sortis
1343 4009 1684 4087 misereret3
1730 4008 1837 4073 sed
1878 4009 1981 4091 qui
2031 4007 2315 4075 auxilium
2353 4006 2593 4091 aliquod

233 4109 497 4176 solidum
528 4109 738 4174 afferre
766 4118 869 4175 aut
896 4121 1106 4194 posset
1124 4123 1227 4178 aut
1254 4122 1506 4198 propter
1533 4122 1787 4179 matrem
1818 4113 2079 4191 auderet,
2107 4132 2288 4179 nemo
2316 4111 2594 4176 inventus

227 4223 351 4289 est,
403 4222 638 4296 praeter
672 4233 863 4279 unum
905 4234 980 4279 ex
1016 4217 1364 4302 propinquo
1403 4237 1561 4302 pago
1599 4217 1925 4295 rusticum,
1962 4217 2251 4283 loannem
2279 4216 2593 4299 Langium.

227 4319 288 4384 ls
317 4337 503 4404 quum
534 4318 772 4408 saepius
809 4318 875 4383 in
906 4320 1199 4403 oppidum
1228 4323 1567 4401 ventitaret,
1604 4321 1947 4407 videretque
1982 4321 2353 4406 Regianum,
2383 4330 2452 4386 ut
2476 4339 2589 4386 ne-
2628 4328 2688 4382 tt
