3102 4866
1667 389 1798 408 -,-.

413 494 739 557 contendo.
830 497 909 559 At
954 492 1202 576 pulchra
1254 501 1350 556 est
1397 504 1461 557 et
1508 493 1818 577 splendida
1862 492 2134 557 vehentis
2182 512 2291 576 per
2339 512 2505 560 mare
2554 496 2773 580 imago.

415 596 574 662 Sane
601 597 849 681 pulchra
875 607 996 673 αἱ,
1034 603 1097 660 et
1123 606 1374 680 propter
1401 598 1572 662 hanc.
1593 598 1790 681 ipsam
1819 596 2320 680 pulchritudinem
2358 607 2428 662 ut
2445 600 2775 683 interpola·-

416 700 537 766 tori
570 701 663 766 sic
696 701 827 767 aliis
864 701 1069 767 multis
1108 700 1348 783 placuit.
1439 701 1563 765 Sed
1596 718 1760 766 11111ιο
1795 718 1922 766 11011
1951 708 2081 766 erat
2106 700 2159 764 ei
2190 700 2390 779 locus,
2428 719 2565 767 11011·
2590 704 2775 767 1110ᾱο

412 814 655 889 praeter
679 805 1119 882 nenessitatem,
1147 804 1253 869 sed
1283 805 1459 870 etiam
1481 814 1698 871 contra
1722 805 2202 890 probabilitatem
2232 806 2669 871 concedendus.
2694 843 2777 855 —

413 909 610 976 Etiam
639 910 703 974 in
732 910 1148 975 cohortatione
1176 908 1436 992 Neptuni
1472 909 1548 974 ad
1580 910 1881 983 Teucrum
1923 910 2208 993 aliosque,
2235 929 2290 973 v.
2325 909 2409 974 95
2440 929 2572 993 sqq.
2588 956 2606 987 ,
2638 920 2779 975 sunt

415 1031 573 1098 quae
619 1013 854 1079 mallem
914 1013 1146 1079 abesse.
1261 1012 1595 1097 Imputatnr
1646 1014 2012 1078 Graecorum
2072 1013 2265 1078 clades
2314 1014 2780 1096 Agamemnonis

413 1109 768 1205 ἱεακότητι,
806 1119 868 1183 11.
900 1138 954 1183 0.
982 1134 1109 1182 11011
1138 1117 1420 1201 ignaviae,
1449 1117 1558 1183 sed
1585 1116 1861 1193 iniuriae,
1893 1135 2023 1200 qua-
2041 1117 2313 1182 offensus
2340 1117 2596 1182 Achilles
2625 1118 2777 1183 bello

415 1220 777 1300 abstinebat,
804 1223 867 1287 id
895 1221 1059 1313 quod
1088 1241 1141 1284 v.
1183 1222 1539 1287 111-113
1569 1222 1956 1287 manifestum
1982 1221 2228 1286 facium:
2269 1239 2466 1306 neque
2489 1223 2779 1307 ignaviam

416 1326 533 1403 illi,
569 1325 674 1409 qui
710 1326 909 1411 paullo
940 1334 1077 1391 ante
1106 1333 1226 1390 tam
1264 1325 1478 1389 eximia
1506 1326 1743 1390 virtutis
1782 1325 2050 1409 exempla
2094 1325 2381 1404 ediderat,
2434 1326 2781 1410 exprobrari

418 1430 691 1514 potuisse
728 1438 991 1514 apparet.
1092 1429 1215 1495 Sed
1253 1429 1502 1495 iniun‘ae
1550 1449 1793 1513 quoqne
1830 1429 1988 1495 illius
2027 1428 2547 1513 exprobrationem
2580 1431 2780 1496 minus

388 1523 621 1618 'aptam
651 1534 933 1599 hocloco
961 1551 1075 1598 1100
1103 1534 1248 1598 satis
1288 1533 1505 1599 iustam
1548 1553 1686 1599 esse
1713 1533 2001 1610 arbitron
2039 1551 2179 1598 nam
2209 1536 2433 1600 sarcire
2466 1553 2598 1599 eam
2627 1534 2782 1618 Aga-

410 1657 710 1719 memnon
740 1647 800 1703 et
827 1637 1165 1704 satisfacere
1194 1639 1361 1703 omni
1389 1639 1576 1702 modo
1605 1638 1813 1704 Achilli
1842 1648 2086 1723 paratus
2117 1638 2253 1714 ruit,
2282 1646 2352 1703 ut
2377 1638 2594 1703 iustius
2623 1656 2785 1703 nunc

420 1742 600 1808 huius
639 1742 878 1821 iniuria,
931 1742 1397 1808 satisfactionem
1428 1743 1805 1826 pertinaciter
1840 1740 2207 1825 respuentis,
2259 1759 2438 1824 quam
2467 1743 2783 1824 Agamem·

421 1845 603 1912 nonis
633 1846 857 1930 culpari
886 1848 1171 1930 potuerit.
1254 1847 1384 1911 Nisi
1416 1847 1707 1924 dicamus,
1738 1848 1900 1911 bunc
1927 1864 2168 1929 quoqne
2195 1852 2455 1929 poetam,
2485 1846 2690 1911 itidem
2708 1835 2786 1910 'ut

421 1950 609 2026 illum,
641 1950 744 2032 qui
772 1950 924 2028 xvi,
957 1951 1040 2016 73
1064 1951 1217 2028 fecit,
1246 1950 1322 2015 de
1344 1970 1465 2035 quo
1496 1969 1679 2033 supra
1711 1950 1931 2015 dictum
1963 1959 2077 2027 est,
2109 1950 2571 2032 Agamemnonis
2593 1946 2786 2027 λιτὰς

422 2036 753 2138 ignorasse.
838 2055 903 2119 Id
934 2073 1078 2120 sane
1107 2055 1256 2119 mihi
1285 2073 1412 2119 non
1442 2052 1835 2139 improbabile
1864 2054 2122 2130 videtur,
2160 2062 2222 2118 et
2250 2056 2604 2119 confirmare
2631 2055 2785 2118 hanc

295 2196 301 2202 -
424 2158 833 2243 suspicionem
861 2159 1039 2224 etiam
1068 2178 1122 2223 v.
1161 2160 1283 2223 115
1313 2159 1551 2241 poterit,
1583 2149 1736 2223 ἀλλ’
1765 2148 2139 2241 ἀκεώμεθα
2164 2154 2462 2223 θᾶσσον·
2508 2148 2788 2222 ἀκεσταί

422 2284 537 2330 τοι
578 2258 817 2351 φρένες
860 2252 1145 2341 ἐσθλῶν,
1178 2263 1230 2327 01
1261 2264 1498 2347 quidem
1527 2262 1679 2327 baec
1698 2262 1876 2327 verba
1904 2280 2042 2326 cum
2072 2261 2302 2345 Heynio
2333 2262 2423 2327 sic
2443 2261 2783 2346 accipimus,

425 2376 496 2432 ut
544 2367 901 2451 placandum
937 2365 1223 2462 Achillem
1263 2367 1579 2450 Nepttmus
1631 2367 1904 2446 suadeat,
1956 2385 2214 2450 eumque
2262 2366 2609 2452 placabilem
2659 2366 2788 2429 fore

393 2472 751 2557 promittat.
812 2470 989 2549 Quod
1018 2472 1179 2536 enim
1209 2471 1305 2536 alii
1333 2472 1634 2554 designari
1661 2473 1870 2537 volunt
1891 2470 2307 2537 Graecorum
2289 2491 2566 2556 ipsorum
2588 2470 2786 2555 segni-

326 2587 391 2641 2³
427 2579 593 2656 tiam,
622 2596 803 2661 quam
830 2576 1143 2659 Neptunus
1171 2577 1648 2660 exprobraverat,
1679 2576 2120 2660 corrigendam,
2149 2586 2221 2641 ut
2249 2567 2533 2642 ἆκωται
2561 2570 2792 2665 φρένες

424 2684 698 2750 dicantur
725 2680 909 2746 animi
938 2697 1171 2756 eorum,
1204 2682 1307 2763 qui
1346 2690 1656 2764 peccatum
1680 2702 1711 2746 a
1743 2701 1810 2746 se
1848 2700 1985 2746 esse
2013 2690 2347 2765 agnoscant
2373 2681 2554 2764 idque
2580 2697 2787 2742 emen-

347 2830 350 2833 -
426 2789 569 2854 dare
596 2786 891 2861 studeant,
922 2783 1061 2852 licet
1078 2800 1208 2847 non
1228 2784 1489 2850 alienum
1511 2785 1583 2850 ab
1607 2786 1727 2851 1100
1752 2794 2052 2865 contextu,
2083 2803 2116 2848 a
2140 2783 2572 2851 consuetudine
2589 2790 2789 2847 tamen

426 2894 619 2976 graeci
659 2888 962 2956 sermonis
1013 2888 1341 2954 abhorrere
1377 2891 1629 2955 videtur.
1726 2890 1865 2973 Ipsa
1901 2909 2043 2954 vero
2090 2890 2186 2954 illa
2237 2888 2523 2973 segnitiae
2571 2904 2789 2970 expro-

426 2997 648 3074 bratio,
705 2998 990 3083 quodque
1028 2998 1239 3064 Graeci
1277 3003 1525 3081 propter
1563 2994 1839 3059 iniuriam
1878 2994 2085 3059 Achilli
2125 2994 2340 3058 factam
2378 2974 2716 3058 abalienatis
2755 3009 2789 3053 a

427 3119 566 3184 rege
618 3102 833 3167 animis
888 3105 1105 3168 fortem
1157 3103 1219 3168 in
1258 3099 1487 3187 proelio
1518 3117 1767 3182 operam
1802 3106 2109 3182 praestare
2156 3097 2341 3172 nolle,
2385 3098 2500 3177 ‚sed
2528 3096 2790 3160 volentes

430 3206 640 3271 cedere
670 3215 732 3272 et
760 3208 929 3273 caedi
955 3228 991 3272 a
1024 3207 1301 3274 Troianis
1332 3206 1628 3280 dicuntur,
1656 3211 1897 3288 poetam
1929 3203 2185 3286 prodere
2206 3201 2436 3266 videtur
2460 3200 2535 3266 ab
2569 3220 2661 3277 eo,
2690 3198 2793 3284 qui

427 3307 615 3376 libros
645 3311 727 3375 xl
753 3326 814 3376 et
841 3312 949 3377 ΧΠ
988 3312 1151 3390 fecit,
1195 3312 1525 3377 diversum:
1568 3323 1707 3372 nam
1748 3307 1801 3372 is
1841 3315 1997 3371 certe
2028 3308 2102 3371 de
2140 3306 2253 3372 hac
2280 3305 2618 3371 animorum
2649 3305 2795 3370 aba·

428 3415 746 3482 lienatione
785 3426 846 3481 et
872 3409 1292 3503 ἐθελοκακίᾳ
1328 3413 1475 3480 nihil
1515 3413 1830 3496 significat.
1858 3447 1944 3460 -
1973 3412 2171 3476 Versu
2198 3411 2319 3476 211
2367 3411 2643 3494 Neptuno
2691 3428 2794 3473 oc·

433 3521 620 3585 currit
669 3520 1029 3587 idomeneus
1079 3541 1113 3614 a
1166 3519 1574 3586 commilitone
1631 3517 1867 3582 rediens
1918 3516 2221 3582 vulnerato
2237 3566 2252 3592 ,
2317 3534 2493 3599 quem
2547 3512 2795 3578 medicis

431 3624 759 3689 curandum
802 3626 1213 3702 mandaverat3
1263 3624 1398 3707 quis
1435 3630 1633 3687 autem
1676 3623 1756 3687 sit
1789 3622 1885 3686 ille
1924 3620 2250 3686 commilito
2292 3620 2597 3695 reticetur,
2636 3616 2794 3701 quod

421 3747 622 3812 genus
660 3715 1030 3806 reticentiae,
1084 3729 1316 3795 etiamsi
1350 3729 1473 3793 1100
1506 3727 1645 3792 1000
1684 3745 1813 3792 11011
1850 3745 2023 3809 aegre
2079 3724 2391 3789 terendum
2407 3772 2424 3801 ,
2453 3722 2798 3788 ,111111οπ010

431 3842 632 3898 tamen
673 3834 904 3899 videtur
945 3853 979 3898 a
1017 3834 1449 3911 consuetudine
1475 3831 1722 3896 Homeri
1758 3832 1820 3895 11.
1852 3850 1906 3894 0.
1943 3830 2074 3893 01110
2113 3837 2352 3912 poetae,
2390 3828 2493 3912 qui
2515 3825 2797 3890 meliores

432 3937 627 4003 Iliadis
665 3945 866 4021 partes
906 3937 1063 4003 fecit.
1092 3973 1179 3986 —
1208 3937 1481 4021 Denique
1516 3936 1677 4012 xlv,
1716 3935 1819 4000 31.
1854 3933 1936 3999 32
1976 3947 2128 4018 quae
2167 3934 2242 3999 de
2278 3951 2455 3997 muro
2497 3929 2797 3995 navalibus

437 4043 806 4108 circumdato
838 4042 1142 4122 dicuntur,
1182 4042 1322 4108 licet
1356 4060 1481 4106 non
1524 4040 1670 4106 satis
1700 4039 2043 4123 perspicua,
2080 4037 2378 4102 eiusmodi
2405 4045 2604 4100 tamen
2635 4041 2797 4108 sunt,

433 4157 505 4213 ut
530 4166 770 4212 murum
813 4147 976 4212 illum
1016 4148 1218 4212 statim
1249 4147 1385 4211 belli
1415 4146 1583 4210 initio
1628 4145 1878 4209 navibus
1917 4143 2179 4226 pn'tnum
2220 4141 2285 4204 in
2321 4139 2487 4204 littus
2529 4138 2797 4202 deductis

434 4251 868 4316 circumdatum
908 4253 1067 4316 credi
1105 4269 1355 4316 necesse
1393 4249 1490 4314 sit.
1580 4248 1758 4326 Quod
1799 4248 1851 4311 si
1890 4248 1968 4312 ita
1999 4255 2120 4321 est,
2163 4245 2236 4310 ab
2275 4244 2387 4308 alio
2427 4250 2603 4325 poeta
2643 4241 2799 4306 hanc

433 4364 666 4440 partem
702 4356 914 4420 factam
951 4375 1087 4420 esse
1125 4363 1397 4439 apparet,
1438 4372 1619 4437 quam
1660 4352 1762 4435 qui
1801 4351 1956 4416 libro
1995 4350 2122 4415 VIII
2162 4368 2402 4415 murum
2454 4346 2617 4411 illum
2659 4354 2793 4410 ante
