3102 4866
1364 267 1488 332 175

251 453 619 549 τροφεῦσιν
658 446 961 543 ἀμείβων
999 493 1113 523 -.
1171 457 1268 523 Ad
1303 456 2607 581 umdemmodumetiamstropbaeversus

254 562 885 630 dimetimdierunt·

431 669 659 745 Quarta
685 667 873 734 buius
915 668 1130 733 cantici
1165 668 1417 752 stropha
1454 674 1579 732 tam
1603 666 1828 731 misere
1853 676 2137 752 corrupta
2163 674 2285 745 est,
2306 674 2379 732 ut
2405 682 2612 730 men-

255 772 407 849 dari,
434 771 555 837 nisi
581 774 824 855 quando
853 771 1207 856 integriores
1235 772 1473 837 codices
1502 791 1684 855 opem
1711 770 2098 848 tulerint,vix
2127 770 2614 856 possevideatnr.

257 876 382 941 Sed
403 877 950 960 quemadmodum
932 895 998 940 ιιι
1018 877 1347 960 desperatis
1368 875 1626 960 aegrotis
1648 874 1864 941 medici
1883 882 2117 940 tentare
2135 886 2335 941 tamen
2356 874 2616 958 aliquam

257 980 620 1047 medicinam
648 981 874 1058 solent,
911 980 1004 1045 sic
1039 980 1105 1044 in
1140 980 1487 1046 huiusmodi
1511 979 1662 1045 locis
1691 998 1820 1044 non
1856 978 2242 1044 invidendum
2270 987 2367 1044 est
2388 977 2618 1056 aitico,

259 1086 319 1150 si
347 1085 777 1163 cunisam-am,
807 1084 1076 1168 quamvis
1102 1083 1448 1169 ancipitem,
1478 1103 1608 1149 non
1636 1093 1839 1150 tamen
1867 1082 2193 1149 absurdam
2226 1082 2616 1167 periclitetur.

257 1189 336 1254 In
362 1189 560 1273 primo
591 1187 831 1273 quidem
855 1207 1065 1267 versu,

435 1289 631 1382 φιλέἱ
665 1285 749 1358 δὲ
789 1283 1041 1358 τίκτειν
1068 1283 1263 1378 ὕβρις
1286 1286 1413 1375 μὲν
1437 1287 1711 1359 παλαιὰ
1735 1285 2096 1374 νεάζουσαν
2118 1285 2194 1359 ἐν
2228 1291 2470 1371 κακοῖς

876 1393 1139 1485 βροτῶν
1175 1388 1403 1484 ὕβριν,
2114 1446 2122 1453 .

260 1502 416 1568 nibil
442 1501 795 1568 offensionis
822 1492 942 1581 est3
971 1501 1034 1565 in
1061 1500 1356 1586 proximis
1384 1509 1615 1579 autem,

673 1594 906 1672 τότ’Ἃ
856 1627 899 1693 η
944 1596 1192 1671 vde*
1152 1625 1314 1672 οταν
1349 1601 1433 1671 το
1476 1600 1711 1693 κύριον
1747 1599 1931 1695 μόλῃ

679 1705 882 1797 νεαρὰ
926 1704 1150 1800 φάους
1189 1702 1420 1792 κότον,

266 1825 581 1902 postrema
610 1815 721 1881 tria
748 1814 928 1881 verba
954 1814 1131 1897 plane
1158 1834 1341 1880 sensu
1370 1834 1540 1880 cassa
1569 1834 1707 1880 esse
1727 1821 1999 1898 apparet,
2026 1832 2224 1897 neque
2250 1813 2455 1897 priora
2480 1812 2631 1878 satis

267 1938 422 1986 sana
449 1939 584 1984 esse
608 1920 901 1985 videntur.
949 1919 1223 1984 Primum
1245 1919 1415 1984 enim
1444 1919 1577 2002 ipsa
1600 1918 1752 1983 baec
1774 1910 2121 2002 loquutio‘'
2079 1938 2241 1985 οταν
2280 1911 2362 1983 τό
2402 1911 2636 2006 κύριον

231 2097 246 2105 ‚
267 2017 446 2113 μόλῃ
487 2032 647 2089 certe
680 2024 956 2088 insolens
994 2031 1090 2088 est
1123 2031 1185 2087 et
1219 2022 1357 2086 sine
1389 2021 1698 2106 exemplo,
1735 2040 1931 2106 neque
1967 2021 2032 2087 id
2062 2022 2228 2106 quod
2254 2022 2633 2087 Hermannus

270 2128 506 2214 posuit,
548 2117 682 2193 ἔστ’
725 2116 808 2191 ἂν
850 2119 974 2192 ἐπὶ
1013 2121 1096 2192 τό
1138 2119 1371 2212 κύριον
1408 2118 1618 2214 μόλῃ,
1664 2116 1919 2190 multum
1962 2123 2399 2209 probabilitatis
2437 2124 2632 2189 babet.

271 2232 437 2310 Quid
464 2240 561 2296 est
598 2231 760 2295 enim
804 2223 927 2296 ἐπὶ
968 2225 1050 2295 τὸ
1094 2221 1324 2315 κύριον
1349 2225 1612 2311 μολεῖν,
1646 2230 1732 2294 de
1760 2229 2079 2294 insolentia
2105 2225 2381 2294 dictum?
2439 2227 2635 2293 Porro

270 2345 476 2403 autem
497 2335 644 2400 illud
671 2353 914 2419 quoque
942 2332 1037 2399 vix
1066 2334 1243 2398 credo
1274 2333 1349 2398 ab
1379 2333 1671 2419 Aeschylo
1695 2334 1923 2405 dictum
1946 2352 2108 2410 esse,
2127 2331 2509 2398 insolentiam
2530 2351 2636 2397 so-

271 2442 429 2506 lere.
451 2459 671 2505 novam
719 2459 793 2504 ex
843 2459 911 2504 se
968 2438 1347 2503 insolentiam
1398 2458 1612 2523 parere
1657 2428 1795 2505 τόδ
1839 2427 1887 2526 ἢ
1934 2429 2119 2518 τότε,
2168 2438 2232 2504 h.
2276 2458 2329 2503 e.
2384 2438 2640 2503 serius

275 2544 515 2621 ocius,
540 2542 1054 2627 quemadmodum
1081 2553 1243 2608 recte
1279 2543 1427 2607 baec
1465 2543 1722 2608 formula
1761 2542 1838 2607 ab
1875 2542 2300 2626 interpretibus
2329 2542 2638 2626 accipitur„

275 2647 438 2713 Nam
464 2647 815 2712 insolentiae
852 2646 1162 2730 propriam
1200 2647 1320 2712 boc
1348 2666 1483 2711 esse
1509 2655 1686 2731 puto,
1726 2655 1794 2711 ut
1817 2645 1983 2711 nullo
2011 2664 2141 2711 non
2169 2658 2445 2730 tempore
2470 2646 2641 2711 inso-

273 2754 474 2818 lenter
497 2760 650 2835 agat.
711 2750 833 2816 Sed
863 2751 1059 2816 serius
1089 2751 1259 2816 ocius
1286 2751 1531 2817 exitium
1562 2749 1889 2817 insolentes
1926 2751 2331 2833 consequitur,
2358 2750 2463 2815 ubi
2491 2752 2641 2815 fata-

273 2858 358 2923 lis
401 2856 693 2921 terminus
746 2854 1064 2921 advenerit.
1143 2857 1353 2939 Itaque
1403 2855 1457 2920 si
1507 2855 1842 2921 scribamus
1878 2850 2040 2920 τότε
2083 2844 2190 2942 δ’ῗί
2225 2843 2388 2935 τότ’,
2427 2844 2511 2942 ἢν
2559 2850 2643 2919 τὸ

273 2953 513 3048 ,κύριον
537 2954 710 3046 μόλῃ
734 2953 928 3038 τέλος
977 2994 1089 3038 -,
1139 2969 1201 3024 et
1225 2958 1638 3043 loquutionem
1670 2958 2022 3024 habebimus
2048 2958 2348 3034 usitatam,
2380 2950 2647 3044 (κύριον

277 3057 474 3143 τέλος
492 3073 583 3129 est
600 3063 776 3129 Eum.
796 3062 1019 3129 v.534.
1039 3056 1479 3146 τέλοςμολεῖν
1496 3064 1713 3130 dicitur
1736 3063 1900 3147 Sept.
1928 3061 2114 3126 Theb.
2146 3080 2201 3125 v,
2241 3060 2418 3141 348),
2448 3078 2645 3144 neque

280 3187 430 3233 vero
458 3167 641 3232 nimis
663 3168 941 3233 audacter
960 3177 1064 3232 aut
1082 3168 1349 3233 additum
1369 3170 1567 3234 versui
1590 3169 1770 3234 breve
1790 3165 2161 3244 vocabulum,
2190 3165 2357 3249 quod
2376 3165 2649 3230 excidere

287 3271 457 3338 facile
483 3272 708 3356 potuit,
747 3280 856 3337 aut
888 3265 1044 3338 τότε
1085 3261 1197 3358 δίἲ
1235 3291 1350 3355 pro
1385 3262 1529 3337 τότ’
1568 3260 1620 3356 ἢ
1661 3270 2024 3355 repositum,
2066 3278 2169 3334 aut
2206 3258 2288 3357 ἢν
2330 3289 2444 3353 pro
2490 3260 2652 3335 ὅταν

287 3377 582 3460 scriptum
611 3375 927 3441 videbitur.
986 3375 1141 3439 Nam
1178 3376 1298 3440 hoc
1336 3376 1580 3458 quidem
1620 3366 1780 3439 ὅταν
1812 3374 1979 3439 facile
2016 3394 2093 3439 ex
2120 3374 2649 3458 interpretamento

286 3481 554 3564 irrepere
581 3480 804 3563 potuit,
832 3480 1184 3562 praesertim
1206 3480 1269 3543 si
1298 3488 1543 3556 statuas,
1560 3479 1631 3542 in
1649 3478 1785 3543 cod.
1814 3468 1902 3543 ἂν
1930 3478 2221 3561 scriptum
2246 3478 2455 3583 fuisse,
2485 3477 2648 3562 quod

290 3583 611 3668 aliquoties
649 3602 763 3666 pro
807 3583 909 3648 illo
952 3583 1133 3649 altero
1173 3583 1350 3648 etiam
1387 3583 1452 3648 in
1487 3583 1853 3665 tragicorum
1884 3582 2236 3648 codicibus
2218 3577 2472 3648 inveniri
2500 3600 2649 3647 con·

289 3697 435 3765 stat,
487 3687 800 3772 potuitque
836 3688 1384 3772 interpretationem
1435 3688 1742 3771 postulare
1788 3687 2007 3765 videri,
2054 3706 2136 3752 ne
2185 3687 2502 3754 haberetur
2536 3705 2652 3771 pro
2687 3700 2754 3754 32

290 3791 580 3878 particula
606 3792 930 3876 potentiali.
989 3793 1213 3858 Versus
1250 3800 1447 3857 autem
1475 3801 1575 3857 est
1594 3791 1890 3857 iambicus
1928 3791 2222 3869 trimeter,
2257 3801 2331 3857 ut
2364 3792 2652 3856 antistro-

292 3897 457 3982 pbus
483 3916 537 3961 v,
570 3896 719 3974 744,
750 3914 1111 3979 quamquam
1139 3915 1267 3961 non
1296 3896 1472 3980 plane
1499 3895 1716 3961 iisdem
1737 3896 1998 3979 pedibus
2020 3895 2326 3960 mesdeus.
2384 3894 2505 3959 Sed
2537 3895 2658 3959 hoc

293 4009 507 4085 postea
546 3999 873 4066 curabitur:
923 4017 1089 4064 nunc
1115 3999 1421 4065 uideamus
1449 4000 1564 4066 tria
1601 4000 1698 4065 illa
1737 3999 2168 4084 inexplicabilia
2195 3995 2400 4086 νεαρὰ
2438 3990 2658 4089 φάους

296 4100 517 4172 κότον.
592 4104 918 4170 Hei-manni
948 4105 1265 4180 sententia,
1299 4105 1402 4188 qui
1423 4098 1634 4171 κότον
1660 4105 1902 4183 delevit,
1931 4112 1998 4169 ut
2024 4123 2101 4168 ex
2129 4104 2655 4188 interpretamento

16 4189 20 4198 ’
101 4203 252 4290 sa&
289 4210 524 4275 illatum
542 4210 626 4275 ad
644 4202 966 4293 δαίμονα,
986 4229 1048 4272 τ.
1082 4208 1227 4287 783,
1254 4209 1578 4293 adsoeipto,
1599 4191 1760 4274 haud
1788 4208 1960 4273 facile
1986 4208 2264 4292 cuiquam
2288 4207 2658 4294 probabitur,

299 4313 597 4397 siquidem
637 4334 834 4399 neque
874 4332 1030 4399 opus
1071 4313 1182 4378 fuit
1217 4313 1333 4379 ulla
1366 4314 1545 4379 buius
1583 4312 1856 4379 vocabuli
1907 4312 2416 4397 interpretatione,
2464 4332 2659 4399 neque
