3102 4866
1464 353 1548 435 68

334 547 575 631 quidem
601 547 717 613 iste
753 548 827 613 ad
858 547 1216 630 singularem
1240 565 1560 612 numerum
1591 566 1626 611 a
1653 545 1866 630 plurali
1897 547 2204 627 transitus,
2232 558 2301 614 ut
2341 545 2681 616 πλανᾶται

333 652 565 717 dicatur
590 660 651 717 et
678 645 1033 738 παρήορος,
1080 670 1266 735 quum
1297 660 1466 715 antea
1499 652 1579 715 ait
1615 640 2683 740 ἅνδρας-κειμένους-βεβηκότας-

329 749 633 836 ὑπτίους,
676 774 804 820 ιιοιι
831 754 1015 819 babet
1039 756 1203 839 quod
1231 756 1490 840 peritum
1519 755 1804 843 lectorem
1834 756 2112 834 offendat,
2141 766 2202 821 et
2229 766 2321 822 sat
2348 758 2531 822 multa
2551 758 2679 822 eius

255 921 261 928 .
331 861 606 944 exempla
637 859 882 925 collecta
921 860 1167 924 suntab
1197 859 1540 925 Heindorflo
1586 861 1660 925 ad
1689 860 1920 924 Platon.
1977 860 2156 944 Gorg.
2209 865 2249 941 ἦ
2282 861 2383 925 75.
2444 861 2678 945 Protag.

324 969 375 1045 fi
411 965 517 1043 28.
606 963 865 1046 Reisigio
905 964 1167 1029 Coniect.
1229 966 1292 1029 in
1330 964 1632 1047 Aristoph.
1687 984 1746 1048 p.
1796 963 1945 1039 153,
1987 965 2334 1031 Hermanno
2373 965 2446 1030 ad
2487 964 2679 1047 Vigor.

328 1088 389 1151 p.
420 1067 579 1145 9343
606 1077 867 1135 attamen
889 1068 1066 1133 nobis
1097 1068 1338 1152 quidem
1370 1068 1569 1152 paullo
1603 1054 1957 1133 concinnior
1994 1070 2185 1134 oratio
2226 1069 2477 1134 existere
2513 1068 2678 1132 vide-

325 1180 445 1251 tur,
473 1173 529 1238 si
549 1173 879 1239 scribamus

612 1272 736 1371 pal
777 1270 934 1361 βίον
974 1273 1190 1365 χρήμη
1237 1271 1494 1341 πλάναι
1535 1297 1614 1343 τε
1653 1297 1773 1341 και
1814 1270 1967 1355 νόος
2009 1216 2367 1367 παρήορος,

325 1390 396 1446 ut
421 1390 617 1465 poeta,
644 1392 1036 1466 posteaquam
1068 1382 1222 1445 mala
1251 1381 1435 1445 multa
1460 1381 1740 1446 universe
1766 1380 2169 1462 significavit,
2153 1401 2270 1446 nam
2293 1381 2524 1464 singula
2545 1400 2677 1445 ma·

328 1486 527 1550 lorum
554 1503 770 1567 genera
797 1486 1055 1549 maxime
1084 1485 1336 1567 insignia
1367 1493 1830 1560 commemoret,
1860 1504 2112 1569 eamque
2149 1485 2677 1550 commemoratio-

208 1647 217 1658 .
326 1607 469 1653 nem
520 1589 801 1671 adiungat
848 1608 959 1673 per
1009 1588 1400 1672 copulativam
1452 1589 1828 1671 particulam,
1881 1588 2044 1673 quod
2095 1589 2334 1673 quidem
2388 1584 2678 1676 συνῆθες

327 1688 579 1779 σχῆμα
594 1712 628 1757 a
668 1693 967 1757 Strabone
1009 1692 1227 1757 dicitur
1253 1691 1351 1756 lib.
1385 1693 1570 1776 Icap.
1604 1693 1644 1756 2
1685 1713 1746 1776 p.
1779 1693 1863 1758 63
1896 1692 2160 1757 Tauchn.
2173 1693 2520 1776 ‚multaque
2546 1691 2674 1756 eiua

184 1850 189 1853 .
325 1796 563 1899 generis
592 1798 857 1880 exempla
880 1807 940 1862 et
968 1796 1284 1862 Homerica
1311 1817 1347 1861 a
1374 1795 1703 1873 Strabone,
1743 1806 1806 1861 et
1830 1796 2080 1861 aliorum
2120 1797 2194 1860 ab
2222 1797 2360 1862 aliis
2395 1806 2677 1881 congesta

326 1891 505 1978 sunt,
553 1919 810 1984 quorum
854 1901 1178 1965 nonnullos
1219 1900 1531 1965 citavimus
1562 1900 1635 1965 ad
1682 1880 1918 1965 Isaeum
1955 1919 2017 1984 p.
2067 1900 2205 1966 185.
2291 1895 2562 1967 Πλάναι
2601 1919 2677 1964 τε

326 2024 466 2070 cum
517 2000 860 2069 πλανᾶται
917 2025 1098 2090 quam
1148 2004 1314 2069 facile
1363 2024 1399 2068 a
1446 2004 1702 2069 librariis
1754 2007 2078 2088 permutari
2127 2005 2390 2088 potuerit
2438 2003 2676 2070 cuilibet

325 2120 600 2193 apparet3
637 2104 787 2187 νόος
827 2118 1026 2174 autem
1068 2102 1409 2196 παρήορος
1445 2126 1575 2174 ιιοιι
1606 2109 1810 2173 minus
1839 2117 2000 2174 recte
2030 2110 2261 2187 dicitur,
2290 2128 2473 2193 quam
2515 2100 2676 2196 ἀνὴρ
2738 2156 2748 2164 ·

328 2207 674 2301 παρήορος
714 2207 897 2292 νόου,
945 2196 1003 2278 iil
1045 2213 1210 2296 quod
1239 2213 1327 2276 vel
1366 2212 1509 2276 illud
1534 2213 1872 2278 Archilochi
1911 2214 1982 2277 fr.
2023 2213 2209 2277 LXXI
2244 2232 2306 2296 p.
2345 2213 2467 2278 176
2509 2211 2673 2276 Lieb.
2752 2238 2763 2247 ·

326 2317 709 2382 manifestum
737 2318 903 2383 facit:
944 2311 1052 2394 τίς
1087 2312 1214 2394 σάς
1258 2311 1590 2404 παρήειρε
1631 2311 1894 2405 φρένας.
1996 2314 2167 2382 Gons.
2221 2326 2282 2381 et
2333 2310 2679 2404 παρήορον

325 2411 517 2506 ὄμμα
551 2408 713 2506 apud
749 2422 1142 2507 Tryphiodor.
1175 2440 1228 2485 v.
1254 2419 1407 2498 373,
1453 2431 1513 2486 et
1548 2421 1658 2486 alia
1687 2421 1863 2486 huius
1901 2421 2169 2487 adiectivi
2213 2421 2483 2507 exempla
2520 2420 2676 2507 apud

324 2525 1528 2608 Iaoobs.adAnthol.1‚1p.160.11‚l
1565 2547 1627 2610 p.
1667 2525 1794 2592 342
1831 2533 1892 2590 et
1929 2525 2262 2590 Blomfield.
2292 2527 2367 2593 ad
2406 2527 2671 2621 Aeschyl-

326 2632 532 2697 Prom.
562 2652 617 2696 v.
649 2631 774 2698 363
805 2631 1005 2713 (371).

261 2743 293 2795 5
499 2736 927 2820 Progredimur
980 2733 1057 2799 ad
1090 2733 1481 2812 Alcmanem,
1547 2735 1718 2800 cilius
1772 2735 2018 2817 insigne
2065 2669 2463 2819 fragmentum
2521 2744 2676 2800 extat

321 2844 482 2927 apud
542 2840 939 2982 Apollonium
1004 2838 1145 2902 Lex.
1215 2837 1393 2902 Hom.
1461 2858 1522 2921 p.
1593 2839 1721 2904 407
1801 2839 1985 2918 ΤοΙΙ.,
2068 2840 2230 2923 apud
2295 2839 2674 2976 Welckerum

322 2962 385 3031 μ
638 3041 995 3115 Εῧδουσιν
1038 3042 1079 3111 δ
1098 3036 1305 3134 ὀρέων
1344 3041 1642 3136 κορυφαί
1683 3067 1760 3111 τε
1799 3043 1920 3111 καὶ
1963 2997 2320 3136 φάραγγες,

520 3223 527 3232 Δ
822 3147 1083 3242 πρῶνές
1121 3170 1196 3215 τε
1236 3145 1356 3216 καὶ
1394 3144 1751 3236 χαράδραι,

661 3252 842 3348 φῦλά
883 3259 977 3321 ιε’
1003 3249 1255 3343 ἕρπει-α
1298 3244 1546 3319 θ’δσσα
1588 3249 1821 3343 τρέφει
1862 3250 2152 3338 μέλαινα
2195 3258 2375 3343 γαῖα,

560 3415 569 3422 .
806 3353 1032 3449 ,θῆρές
1070 3350 1138 3423 τ’
1171 3349 1497 3445 ὀρεσκῷοι
1533 3354 1654 3423 καὶ
1684 3353 1873 3443 γένος
1911 3356 2269 3441 μελισσῶν,

660 3464 778 3533 καὶ
819 3454 1102 3530 κνώδαλ’
1143 3456 1213 3527 ἐν
1250 3455 1583 3546 ’βένθεσσι
1625 3460 1985 3552 πορφυρᾶς
2027 3458 2208 3543 ἁλός.

501 3569 661 3636 Haec
689 3571 889 3635 omnia
917 3565 1259 3651 planissima
1290 3576 1350 3631 et
1378 3567 1723 3650 incorrupta
1751 3577 1914 3644 sunt,
1943 3568 2063 3631 nisi
2097 3568 2267 3652 quod
2296 3586 2474 3633 versu
2501 3569 2673 3634 tertio

326 3675 549 3758 aliquid
604 3674 903 3738 turbatum
964 3690 1100 3736 esse
1147 3671 1548 3755 suspicamur.
1639 3672 1932 3736 Welckeri
1993 3671 2236 3754 quidem
2296 3673 2670 3752 sententiam,

325 3773 510 3869 φῦλά
552 3797 627 3842 τε
668 3769 915 3862 ἓρπετά
958 3795 1032 3839 τε
1081 3794 1194 3858 pro
1234 3771 1415 3864 φῦλα
1458 3766 1760 3864 ἑρπέτων
1801 3776 2166 3859 accipientis,
2207 3778 2468 3843 fatemur
2492 3776 2669 3841 nobis

327 3885 648 3950 obscuram
670 3900 834 3946 esse:
864 3898 1058 3963 neque
1074 3880 1236 3943 enim
1257 3888 1524 3964 apparet,
1548 3879 1693 3962 quid
1711 3878 1852 3944 illud
1878 3880 2131 3945 alterum
2149 3874 2230 3946 τέ
2255 3890 2398 3964 post
2427 3874 2672 3967 ἕρπετα

324 3989 657 4073 significare
685 3985 950 4051 voluerit.
1039 3984 1120 4048 Ut
1148 4002 1311 4050 nunc
1340 4003 1550 4059 versus
1575 3984 1834 4066 scriptus
1864 3993 1974 4063 est,
2001 4002 2130 4049 non
2157 3993 2357 4069 potest
2397 3982 2671 4068 explicari

220 4135 232 4143 -
326 4094 442 4157 nisi
470 4092 572 4179 sic,
595 4102 664 4155 ut
689 4086 868 4179 φῦλα
907 4088 1255 4153 universum
1284 4107 1473 4172 genus
1502 4088 1896 4153 animantium
1925 4089 2260 4172 significare
2286 4089 2468 4166 dicas,
2510 4086 2671 4170 quod

325 4215 436 4281 por
487 4192 565 4260 τέ
619 4195 967 4280 particulam
1025 4213 1165 4258 cum
1193 4193 1298 4269 iis,
1357 4212 1509 4276 quae
1557 4193 1729 4276 prius
1758 4203 2226 4259 commemorata
2262 4200 2424 4269 sunt,
2464 4181 2672 4277 ὀρέων

320 4293 632 4388 κορυφαί,
678 4294 1042 4390 φάραγγες,
1088 4293 1373 4385 πρῶνες,
1414 4290 1780 4384 χαράδραι,
1827 4299 2252 4383 coniungatur,
2293 4297 2429 4360 dein
2471 4302 2670 4359 autem

319 4424 541 4473 rursus
560 4405 623 4469 in
650 4415 851 4493 partes
880 4424 1022 4470 suas
1044 4403 1435 4488 dispumant,
1463 4421 1720 4488 quarum
1755 4404 1953 4489 prima
1988 4407 2113 4470 sint
2149 4396 2439 4490 ἕρπετα,
2488 4394 2671 4467 altera
