<?xml version="1.0" encoding="UTF-8"?>
<!DOCTYPE html PUBLIC "-//W3C//DTD XHTML 1.0 Transitional//EN"
    "http://www.w3.org/TR/xhtml1/DTD/xhtml1-transitional.dtd">
<html xmlns="http://www.w3.org/1999/xhtml" xml:lang="en" lang="en">
 <head>
  <title>
</title>
<meta http-equiv="Content-Type" content="text/html;charset=utf-8" />
  <meta name='ocr-system' content='tesseract 3.04.00' />
  <meta name='ocr-capabilities' content='ocr_page ocr_carea ocr_par ocr_line ocrx_word'/>
</head>
<body>
  <div class='ocr_page' id='page_1' title='image "./opusculaacademi04schgoog_0041.png"; bbox 0 0 3102 4866; ppageno 0'>
   <div class='ocr_carea' id='block_1_1' title="bbox 1402 304 1488 372">
    <p class='ocr_par' dir='ltr' id='par_1_1' title="bbox 1402 304 1488 372">
     <span class='ocr_line' id='line_1_1' title="bbox 1402 304 1488 372; baseline -0.023 0"><span class='ocrx_word' id='word_1_1' title='bbox 1402 304 1488 372; x_wconf 76' lang='lat'><strong>31</strong></span> 
     </span>
    </p>
   </div>
   <div class='ocr_carea' id='block_1_2' title="bbox 1248 394 1660 410">
    <p class='ocr_par' dir='ltr' id='par_1_2' title="bbox 1248 394 1660 410">
     <span class='ocr_line' id='line_1_2' title="bbox 1248 394 1660 410; baseline 0 4456"><span class='ocrx_word' id='word_1_2' title='bbox 1248 394 1660 410; x_wconf 95' lang='lat' dir='ltr'><strong> </strong></span> 
     </span>
    </p>
   </div>
   <div class='ocr_carea' id='block_1_3' title="bbox 224 487 2745 1417">
    <p class='ocr_par' dir='ltr' id='par_1_3' title="bbox 224 487 2745 1417">
     <span class='ocr_line' id='line_1_3' title="bbox 268 487 2631 586; baseline -0.003 -21"><span class='ocrx_word' id='word_1_3' title='bbox 268 498 727 586; x_wconf 71' lang='lat' dir='ltr'><strong>Dionysiaca,</strong></span> <span class='ocrx_word' id='word_1_4' title='bbox 768 499 1209 574; x_wconf 83' lang='lat' dir='ltr'><strong>Thebaidas,</strong></span> <span class='ocrx_word' id='word_1_5' title='bbox 1247 497 1657 582; x_wconf 76' lang='lat' dir='ltr'><strong>Epigonos,</strong></span> <span class='ocrx_word' id='word_1_6' title='bbox 1697 491 2177 579; x_wconf 87' lang='lat' dir='ltr'><strong>Naupactica,</strong></span> <span class='ocrx_word' id='word_1_7' title='bbox 2212 487 2380 572; x_wconf 76' lang='lat' dir='ltr'><strong>alia3</strong></span> <span class='ocrx_word' id='word_1_8' title='bbox 2412 504 2631 558; x_wconf 80' lang='lat' dir='ltr'><strong>unum</strong></span> 
     </span>
     <span class='ocr_line' id='line_1_4' title="bbox 270 597 2629 688; baseline -0.003 -19"><span class='ocrx_word' id='word_1_9' title='bbox 270 605 563 688; x_wconf 87' lang='lat' dir='ltr'><strong>quidem</strong></span> <span class='ocrx_word' id='word_1_10' title='bbox 591 605 889 671; x_wconf 85' lang='lat' dir='ltr'><strong>beroem</strong></span> <span class='ocrx_word' id='word_1_11' title='bbox 917 606 991 670; x_wconf 90' lang='lat' dir='ltr'><strong>in</strong></span> <span class='ocrx_word' id='word_1_12' title='bbox 1018 602 1391 679; x_wconf 89' lang='lat' dir='ltr'><strong>nonnulis,</strong></span> <span class='ocrx_word' id='word_1_13' title='bbox 1421 605 1616 683; x_wconf 82' lang='lat' dir='ltr'><strong>(nam</strong></span> <span class='ocrx_word' id='word_1_14' title='bbox 1647 600 1945 663; x_wconf 81' lang='lat' dir='ltr'><strong>fuerunt</strong></span> <span class='ocrx_word' id='word_1_15' title='bbox 1969 597 2175 682; x_wconf 88' lang='lat' dir='ltr'><strong>plura</strong></span> <span class='ocrx_word' id='word_1_16' title='bbox 2202 597 2629 682; x_wconf 78' lang='lat' dir='ltr'><strong>perbrevia),</strong></span> 
     </span>
     <span class='ocr_line' id='line_1_5' title="bbox 268 700 2629 793; baseline -0.003 -19"><span class='ocrx_word' id='word_1_17' title='bbox 268 710 343 774; x_wconf 90' lang='lat' dir='ltr'><strong>in</strong></span> <span class='ocrx_word' id='word_1_18' title='bbox 380 710 587 775; x_wconf 90' lang='lat' dir='ltr'><strong>nullo</strong></span> <span class='ocrx_word' id='word_1_19' title='bbox 624 727 836 775; x_wconf 83' lang='lat' dir='ltr'><strong>unam</strong></span> <span class='ocrx_word' id='word_1_20' title='bbox 874 710 985 774; x_wconf 81' lang='lat' dir='ltr'><strong>vel</strong></span> <span class='ocrx_word' id='word_1_21' title='bbox 1031 706 1448 793; x_wconf 83' lang='lat' dir='ltr'><strong>primariam</strong></span> <span class='ocrx_word' id='word_1_22' title='bbox 1488 703 1880 780; x_wconf 84' lang='lat' dir='ltr'><strong>actionem,</strong></span> <span class='ocrx_word' id='word_1_23' title='bbox 1928 700 2292 786; x_wconf 84' lang='lat' dir='ltr'><strong>episodiis</strong></span> <span class='ocrx_word' id='word_1_24' title='bbox 2338 704 2424 769; x_wconf 84' lang='lat' dir='ltr'><strong>ad</strong></span> <span class='ocrx_word' id='word_1_25' title='bbox 2469 722 2629 768; x_wconf 88' lang='lat' dir='ltr'><strong>mo·</strong></span> 
     </span>
     <span class='ocr_line' id='line_1_6' title="bbox 270 808 2632 896; baseline -0.003 -18"><span class='ocrx_word' id='word_1_26' title='bbox 270 808 433 880; x_wconf 83' lang='lat' dir='ltr'><strong>dum</strong></span> <span class='ocrx_word' id='word_1_27' title='bbox 458 814 714 880; x_wconf 86' lang='lat' dir='ltr'><strong>Iliadis</strong></span> <span class='ocrx_word' id='word_1_28' title='bbox 741 815 1237 890; x_wconf 86' lang='lat' dir='ltr'><strong>intertextam,</strong></span> <span class='ocrx_word' id='word_1_29' title='bbox 1265 808 1783 895; x_wconf 75' lang='lat' dir='ltr'><strong>deprehendes.</strong></span> <span class='ocrx_word' id='word_1_30' title='bbox 1831 810 2080 896; x_wconf 74' lang='lat' dir='ltr'><strong>Magno</strong></span> <span class='ocrx_word' id='word_1_31' title='bbox 2108 821 2405 878; x_wconf 83' lang='lat' dir='ltr'><strong>auctore</strong></span> <span class='ocrx_word' id='word_1_32' title='bbox 2429 809 2500 874; x_wconf 88' lang='lat' dir='ltr'><strong>id</strong></span> <span class='ocrx_word' id='word_1_33' title='bbox 2529 808 2632 872; x_wconf 72' lang='lat' dir='ltr'><strong>af-</strong></span> 
     </span>
     <span class='ocr_line' id='line_1_7' title="bbox 272 912 2745 997; baseline -0.003 -14"><span class='ocrx_word' id='word_1_34' title='bbox 272 919 516 997; x_wconf 81' lang='lat' dir='ltr'><strong>firmo,</strong></span> <span class='ocrx_word' id='word_1_35' title='bbox 541 936 689 983; x_wconf 91' lang='lat' dir='ltr'><strong>non</strong></span> <span class='ocrx_word' id='word_1_36' title='bbox 720 917 1141 984; x_wconf 91' lang='lat' dir='ltr'><strong>coniectura</strong></span> <span class='ocrx_word' id='word_1_37' title='bbox 1167 917 1446 984; x_wconf 90' lang='lat' dir='ltr'><strong>ductus.</strong></span> <span class='ocrx_word' id='word_1_38' title='bbox 1531 913 1638 980; x_wconf 86' lang='lat' dir='ltr'><strong>Ita</strong></span> <span class='ocrx_word' id='word_1_39' title='bbox 1676 913 1865 980; x_wconf 89' lang='lat' dir='ltr'><strong>enim</strong></span> <span class='ocrx_word' id='word_1_40' title='bbox 1891 915 2340 982; x_wconf 79' lang='lat' dir='ltr'><strong>Aristoteles</strong></span> <span class='ocrx_word' id='word_1_41' title='bbox 2367 912 2633 997; x_wconf 88' lang='lat' dir='ltr'><strong>ubique</strong></span> <span class='ocrx_word' id='word_1_42' title='bbox 2735 932 2745 941; x_wconf 92' lang='lat'><strong>·</strong></span> 
     </span>
     <span class='ocr_line' id='line_1_8' title="bbox 224 1010 2633 1115; baseline -0.002 -29"><span class='ocrx_word' id='word_1_43' title='bbox 224 1026 231 1033; x_wconf 84' lang='lat'>&#39;</span> <span class='ocrx_word' id='word_1_44' title='bbox 271 1022 653 1105; x_wconf 86' lang='lat' dir='ltr'><strong>praedicat</strong></span> <span class='ocrx_word' id='word_1_45' title='bbox 688 1022 774 1086; x_wconf 90' lang='lat' dir='ltr'><strong>de</strong></span> <span class='ocrx_word' id='word_1_46' title='bbox 800 1021 1144 1115; x_wconf 84' lang='lat' dir='ltr'><strong>Homero,</strong></span> <span class='ocrx_word' id='word_1_47' title='bbox 1173 1010 1272 1086; x_wconf 86' lang='lat' dir='ltr'><strong>ita</strong></span> <span class='ocrx_word' id='word_1_48' title='bbox 1301 1039 1457 1084; x_wconf 89' lang='lat' dir='ltr'><strong>eum</strong></span> <span class='ocrx_word' id='word_1_49' title='bbox 1493 1027 1799 1103; x_wconf 87' lang='lat' dir='ltr'><strong>propter</strong></span> <span class='ocrx_word' id='word_1_50' title='bbox 1823 1018 2038 1085; x_wconf 88' lang='lat' dir='ltr'><strong>istam</strong></span> <span class='ocrx_word' id='word_1_51' title='bbox 2066 1019 2301 1104; x_wconf 89' lang='lat' dir='ltr'><strong>ipsam</strong></span> <span class='ocrx_word' id='word_1_52' title='bbox 2327 1038 2476 1086; x_wconf 85' lang='lat' dir='ltr'><strong>rem</strong></span> <span class='ocrx_word' id='word_1_53' title='bbox 2513 1036 2633 1084; x_wconf 87' lang='lat' dir='ltr'><strong>ce-</strong></span> 
     </span>
     <span class='ocr_line' id='line_1_9' title="bbox 271 1120 2635 1209; baseline -0.001 -18"><span class='ocrx_word' id='word_1_54' title='bbox 271 1126 455 1191; x_wconf 88' lang='lat' dir='ltr'><strong>teris</strong></span> <span class='ocrx_word' id='word_1_55' title='bbox 486 1126 564 1191; x_wconf 91' lang='lat' dir='ltr'><strong>in</strong></span> <span class='ocrx_word' id='word_1_56' title='bbox 594 1126 843 1191; x_wconf 89' lang='lat' dir='ltr'><strong>eodem</strong></span> <span class='ocrx_word' id='word_1_57' title='bbox 873 1143 1137 1209; x_wconf 77' lang='lat' dir='ltr'><strong>genere</strong></span> <span class='ocrx_word' id='word_1_58' title='bbox 1167 1123 1503 1191; x_wconf 89' lang='lat' dir='ltr'><strong>omnibus</strong></span> <span class='ocrx_word' id='word_1_59' title='bbox 1533 1123 1951 1207; x_wconf 89' lang='lat' dir='ltr'><strong>anteponit,</strong></span> <span class='ocrx_word' id='word_1_60' title='bbox 1990 1120 2067 1190; x_wconf 84' lang='lat' dir='ltr'><strong>ut</strong></span> <span class='ocrx_word' id='word_1_61' title='bbox 2102 1125 2348 1190; x_wconf 91' lang='lat' dir='ltr'><strong>nullus</strong></span> <span class='ocrx_word' id='word_1_62' title='bbox 2378 1141 2635 1189; x_wconf 85' lang='lat' dir='ltr'><strong>eorum</strong></span> 
     </span>
     <span class='ocr_line' id='line_1_10' title="bbox 271 1218 2638 1314; baseline -0.002 -19"><span class='ocrx_word' id='word_1_63' title='bbox 271 1230 504 1295; x_wconf 88' lang='lat' dir='ltr'><strong>bacin</strong></span> <span class='ocrx_word' id='word_1_64' title='bbox 529 1249 608 1294; x_wconf 90' lang='lat' dir='ltr'><strong>re</strong></span> <span class='ocrx_word' id='word_1_65' title='bbox 647 1229 898 1294; x_wconf 89' lang='lat' dir='ltr'><strong>ducem</strong></span> <span class='ocrx_word' id='word_1_66' title='bbox 940 1239 1009 1295; x_wconf 90' lang='lat' dir='ltr'><strong>et</strong></span> <span class='ocrx_word' id='word_1_67' title='bbox 1028 1224 1446 1314; x_wconf 65' lang='lat' dir='ltr'><strong>principem</strong></span> <span class='ocrx_word' id='word_1_68' title='bbox 1474 1222 1685 1294; x_wconf 85' lang='lat' dir='ltr'><strong>suum</strong></span> <span class='ocrx_word' id='word_1_69' title='bbox 1723 1218 2056 1293; x_wconf 86' lang='lat' dir='ltr'><strong>imitatus</strong></span> <span class='ocrx_word' id='word_1_70' title='bbox 2084 1227 2638 1303; x_wconf 75' lang='lat' dir='ltr'><strong>esse&#39;videatur,</strong></span> 
     </span>
     <span class='ocr_line' id='line_1_11' title="bbox 270 1330 2634 1417; baseline -0.001 -19"><span class='ocrx_word' id='word_1_71' title='bbox 270 1351 357 1398; x_wconf 87' lang='lat' dir='ltr'><strong>ne</strong></span> <span class='ocrx_word' id='word_1_72' title='bbox 383 1333 740 1399; x_wconf 84' lang='lat' dir='ltr'><strong>Pisander</strong></span> <span class='ocrx_word' id='word_1_73' title='bbox 776 1332 1061 1417; x_wconf 86' lang='lat' dir='ltr'><strong>quidem</strong></span> <span class='ocrx_word' id='word_1_74' title='bbox 1108 1344 1228 1400; x_wconf 92' lang='lat' dir='ltr'><strong>aut</strong></span> <span class='ocrx_word' id='word_1_75' title='bbox 1264 1331 1613 1417; x_wconf 74' lang='lat' dir='ltr'><strong>Panyasis</strong></span> <span class='ocrx_word' id='word_1_76' title='bbox 1651 1340 1775 1397; x_wconf 91' lang='lat' dir='ltr'><strong>aut</strong></span> <span class='ocrx_word' id='word_1_77' title='bbox 1807 1333 2308 1411; x_wconf 73' lang='lat' dir='ltr'>Antimachus,</span> <span class='ocrx_word' id='word_1_78' title='bbox 2346 1330 2472 1416; x_wconf 87' lang='lat' dir='ltr'><strong>qui</strong></span> <span class='ocrx_word' id='word_1_79' title='bbox 2518 1349 2634 1395; x_wconf 83' lang='lat' dir='ltr'><strong>se-</strong></span> 
     </span>
    </p>
   </div>
   <div class='ocr_carea' id='block_1_4' title="bbox 271 1435 2850 1523">
    <p class='ocr_par' dir='ltr' id='par_1_4' title="bbox 271 1435 2850 1523">
     <span class='ocr_line' id='line_1_12' title="bbox 271 1435 2850 1523; baseline -0.001 -21"><span class='ocrx_word' id='word_1_80' title='bbox 271 1436 583 1503; x_wconf 87' lang='lat' dir='ltr'><strong>cundum</strong></span> <span class='ocrx_word' id='word_1_81' title='bbox 604 1435 992 1503; x_wconf 78' lang='lat' dir='ltr'><strong>Homerum</strong></span> <span class='ocrx_word' id='word_1_82' title='bbox 1015 1438 1273 1523; x_wconf 89' lang='lat' dir='ltr'><strong>optimi</strong></span> <span class='ocrx_word' id='word_1_83' title='bbox 1292 1436 1652 1504; x_wconf 87' lang='lat' dir='ltr'><strong>numerati</strong></span> <span class='ocrx_word' id='word_1_84' title='bbox 1674 1444 1874 1515; x_wconf 89' lang='lat' dir='ltr'><strong>sunt,</strong></span> <span class='ocrx_word' id='word_1_85' title='bbox 1893 1438 2154 1503; x_wconf 89' lang='lat' dir='ltr'><strong>nedum</strong></span> <span class='ocrx_word' id='word_1_86' title='bbox 2175 1435 2637 1521; x_wconf 67' lang='lat' dir='ltr'><strong>antiquiores</strong></span> <span class='ocrx_word' id='word_1_87' title='bbox 2717 1508 2724 1514; x_wconf 45' lang='grc'><strong>,</strong></span> <span class='ocrx_word' id='word_1_88' title='bbox 2839 1486 2850 1493; x_wconf 88' lang='grc'><strong><em>.</em></strong></span> 
     </span>
    </p>
   </div>
   <div class='ocr_carea' id='block_1_5' title="bbox 269 1541 2742 2148">
    <p class='ocr_par' dir='ltr' id='par_1_5' title="bbox 269 1541 2742 2148">
     <span class='ocr_line' id='line_1_13' title="bbox 270 1541 2636 1627; baseline -0.001 -21"><span class='ocrx_word' id='word_1_89' title='bbox 270 1551 337 1606; x_wconf 84' lang='lat' dir='ltr'><strong>et</strong></span> <span class='ocrx_word' id='word_1_90' title='bbox 365 1541 643 1625; x_wconf 73' lang='lat' dir='ltr'><strong>cyclici.</strong></span> <span class='ocrx_word' id='word_1_91' title='bbox 672 1575 759 1588; x_wconf 93' lang='lat'><strong>—</strong></span> <span class='ocrx_word' id='word_1_92' title='bbox 780 1541 971 1619; x_wconf 86' lang='lat' dir='ltr'><strong>Quae</strong></span> <span class='ocrx_word' id='word_1_93' title='bbox 998 1561 1215 1627; x_wconf 89' lang='lat' dir='ltr'><strong>quum</strong></span> <span class='ocrx_word' id='word_1_94' title='bbox 1242 1543 1344 1608; x_wconf 89' lang='lat' dir='ltr'><strong>ita</strong></span> <span class='ocrx_word' id='word_1_95' title='bbox 1372 1542 1547 1620; x_wconf 87' lang='lat' dir='ltr'><strong>sint,</strong></span> <span class='ocrx_word' id='word_1_96' title='bbox 1577 1542 1744 1623; x_wconf 88' lang='lat' dir='ltr'><strong>quis</strong></span> <span class='ocrx_word' id='word_1_97' title='bbox 1772 1547 1978 1625; x_wconf 89' lang='lat' dir='ltr'><strong>putet</strong></span> <span class='ocrx_word' id='word_1_98' title='bbox 2004 1541 2173 1607; x_wconf 88' lang='lat' dir='ltr'><strong>illos</strong></span> <span class='ocrx_word' id='word_1_99' title='bbox 2205 1558 2455 1606; x_wconf 90' lang='lat' dir='ltr'><strong>omnes</strong></span> <span class='ocrx_word' id='word_1_100' title='bbox 2485 1558 2636 1605; x_wconf 88' lang='lat' dir='ltr'><strong>eam</strong></span> 
     </span>
     <span class='ocr_line' id='line_1_14' title="bbox 270 1634 2637 1732; baseline -0.001 -22"><span class='ocrx_word' id='word_1_101' title='bbox 270 1634 525 1723; x_wconf 75' lang='lat' dir='ltr'><strong>artem,</strong></span> <span class='ocrx_word' id='word_1_102' title='bbox 570 1664 747 1728; x_wconf 85' lang='lat' dir='ltr'><strong>quae</strong></span> <span class='ocrx_word' id='word_1_103' title='bbox 789 1653 935 1711; x_wconf 89' lang='lat' dir='ltr'><strong>tam</strong></span> <span class='ocrx_word' id='word_1_104' title='bbox 979 1647 1286 1715; x_wconf 87' lang='lat' dir='ltr'><strong>eximiae</strong></span> <span class='ocrx_word' id='word_1_105' title='bbox 1328 1645 1821 1732; x_wconf 75' lang='lat' dir='ltr'><strong>perfectionis</strong></span> <span class='ocrx_word' id='word_1_106' title='bbox 1852 1664 2063 1712; x_wconf 89' lang='lat' dir='ltr'><strong>cansa</strong></span> <span class='ocrx_word' id='word_1_107' title='bbox 2091 1654 2228 1725; x_wconf 90' lang='lat' dir='ltr'><strong>est,</strong></span> <span class='ocrx_word' id='word_1_108' title='bbox 2273 1645 2334 1711; x_wconf 94' lang='lat' dir='ltr'><strong>si</strong></span> <span class='ocrx_word' id='word_1_109' title='bbox 2372 1643 2459 1710; x_wconf 90' lang='lat' dir='ltr'><strong>ab</strong></span> <span class='ocrx_word' id='word_1_110' title='bbox 2487 1643 2637 1709; x_wconf 93' lang='lat' dir='ltr'><strong>Ho-</strong></span> 
     </span>
     <span class='ocr_line' id='line_1_15' title="bbox 269 1732 2742 1828; baseline -0 -14"><span class='ocrx_word' id='word_1_111' title='bbox 269 1769 473 1814; x_wconf 90' lang='lat' dir='ltr'><strong>mero</strong></span> <span class='ocrx_word' id='word_1_112' title='bbox 510 1748 908 1816; x_wconf 76' lang='lat' dir='ltr'><strong>adhibitam</strong></span> <span class='ocrx_word' id='word_1_113' title='bbox 947 1749 1333 1827; x_wconf 81' lang='lat' dir='ltr'><strong>vidissent,</strong></span> <span class='ocrx_word' id='word_1_114' title='bbox 1384 1760 1507 1817; x_wconf 90' lang='lat' dir='ltr'><strong>aut</strong></span> <span class='ocrx_word' id='word_1_115' title='bbox 1551 1768 1696 1815; x_wconf 90' lang='lat' dir='ltr'><strong>non</strong></span> <span class='ocrx_word' id='word_1_116' title='bbox 1736 1732 2217 1828; x_wconf 76' lang='lat' dir='ltr'><strong>intellexisse,</strong></span> <span class='ocrx_word' id='word_1_117' title='bbox 2257 1757 2382 1815; x_wconf 90' lang='lat' dir='ltr'><strong>aut</strong></span> <span class='ocrx_word' id='word_1_118' title='bbox 2417 1747 2640 1825; x_wconf 87' lang='lat' dir='ltr'><strong>intel·</strong></span> <span class='ocrx_word' id='word_1_119' title='bbox 2734 1772 2742 1778; x_wconf 88' lang='lat'><strong>·</strong></span> 
     </span>
     <span class='ocr_line' id='line_1_16' title="bbox 270 1851 2641 1945; baseline -0.001 -26"><span class='ocrx_word' id='word_1_120' title='bbox 270 1855 528 1920; x_wconf 84' lang='lat' dir='ltr'><strong>lectam</strong></span> <span class='ocrx_word' id='word_1_121' title='bbox 567 1854 915 1920; x_wconf 84' lang='lat' dir='ltr'><strong>aemulari</strong></span> <span class='ocrx_word' id='word_1_122' title='bbox 953 1853 1387 1945; x_wconf 76' lang='lat' dir='ltr'><strong>noluisse?“</strong></span> <span class='ocrx_word' id='word_1_123' title='bbox 1423 1890 1515 1903; x_wconf 90' lang='lat'><em>-</em></span> <span class='ocrx_word' id='word_1_124' title='bbox 1551 1854 1712 1919; x_wconf 88' lang='lat' dir='ltr'><strong>Haec</strong></span> <span class='ocrx_word' id='word_1_125' title='bbox 1740 1854 2021 1933; x_wconf 87' lang='lat' dir='ltr'><strong>Wolfius,</strong></span> <span class='ocrx_word' id='word_1_126' title='bbox 2058 1855 2155 1920; x_wconf 89' lang='lat' dir='ltr'><strong>cui</strong></span> <span class='ocrx_word' id='word_1_127' title='bbox 2198 1855 2300 1938; x_wconf 90' lang='lat' dir='ltr'><strong>qui</strong></span> <span class='ocrx_word' id='word_1_128' title='bbox 2330 1851 2641 1938; x_wconf 88' lang='lat' dir='ltr'><strong>obloquuti</strong></span> 
     </span>
     <span class='ocr_line' id='line_1_17' title="bbox 272 1958 2638 2044; baseline 0 -21"><span class='ocrx_word' id='word_1_129' title='bbox 272 1968 434 2036; x_wconf 84' lang='lat' dir='ltr'><strong>sunt,</strong></span> <span class='ocrx_word' id='word_1_130' title='bbox 460 1958 605 2024; x_wconf 87' lang='lat' dir='ltr'><strong>illud</strong></span> <span class='ocrx_word' id='word_1_131' title='bbox 634 1958 896 2023; x_wconf 86' lang='lat' dir='ltr'><strong>maxime</strong></span> <span class='ocrx_word' id='word_1_132' title='bbox 924 1959 1038 2024; x_wconf 91' lang='lat' dir='ltr'><strong>sibi</strong></span> <span class='ocrx_word' id='word_1_133' title='bbox 1072 1959 1366 2043; x_wconf 79' lang='lat' dir='ltr'><strong>agendum</strong></span> <span class='ocrx_word' id='word_1_134' title='bbox 1390 1959 1824 2036; x_wconf 82' lang='lat' dir='ltr'><strong>intellexerunt,</strong></span> <span class='ocrx_word' id='word_1_135' title='bbox 1852 1972 1917 2024; x_wconf 92' lang='lat' dir='ltr'><strong>ut</strong></span> <span class='ocrx_word' id='word_1_136' title='bbox 1941 1960 2297 2044; x_wconf 79' lang='lat' dir='ltr'><strong>cyclicorum</strong></span> <span class='ocrx_word' id='word_1_137' title='bbox 2326 1966 2638 2042; x_wconf 86' lang='lat' dir='ltr'><strong>poetarum</strong></span> 
     </span>
     <span class='ocr_line' id='line_1_18' title="bbox 270 2048 2722 2148; baseline -0 -20"><span class='ocrx_word' id='word_1_138' title='bbox 270 2081 544 2139; x_wconf 82' lang='lat' dir='ltr'><strong>causam,</strong></span> <span class='ocrx_word' id='word_1_139' title='bbox 581 2081 721 2128; x_wconf 86' lang='lat' dir='ltr'><strong>cnm</strong></span> <span class='ocrx_word' id='word_1_140' title='bbox 759 2063 1078 2129; x_wconf 83' lang='lat' dir='ltr'><strong>Homerica</strong></span> <span class='ocrx_word' id='word_1_141' title='bbox 1115 2064 1413 2129; x_wconf 87' lang='lat' dir='ltr'><strong>artissime</strong></span> <span class='ocrx_word' id='word_1_142' title='bbox 1450 2064 1859 2140; x_wconf 84' lang='lat' dir='ltr'><strong>coniunctam,</strong></span> <span class='ocrx_word' id='word_1_143' title='bbox 1897 2063 2295 2148; x_wconf 73' lang='lat' dir='ltr'><strong>susciperent,</strong></span> <span class='ocrx_word' id='word_1_144' title='bbox 2332 2070 2642 2144; x_wconf 75' lang='lat' dir='ltr'><strong>artemque</strong></span> <span class='ocrx_word' id='word_1_145' title='bbox 2715 2048 2722 2053; x_wconf 63' lang='grc'><strong>’</strong></span> 
     </span>
    </p>
   </div>
   <div class='ocr_carea' id='block_1_6' title="bbox 162 2165 2642 2251">
    <p class='ocr_par' dir='ltr' id='par_1_6' title="bbox 162 2165 2642 2251">
     <span class='ocr_line' id='line_1_19' title="bbox 162 2165 2642 2251; baseline -0.001 -19"><span class='ocrx_word' id='word_1_146' title='bbox 162 2193 179 2204; x_wconf 85' lang='grc'><em>·</em></span> <span class='ocrx_word' id='word_1_147' title='bbox 269 2167 453 2244; x_wconf 87' lang='lat' dir='ltr'><strong>illam,</strong></span> <span class='ocrx_word' id='word_1_148' title='bbox 482 2185 663 2250; x_wconf 84' lang='lat' dir='ltr'><strong>quam</strong></span> <span class='ocrx_word' id='word_1_149' title='bbox 695 2168 875 2232; x_wconf 84' lang='lat' dir='ltr'><strong>veteri</strong></span> <span class='ocrx_word' id='word_1_150' title='bbox 903 2167 1168 2233; x_wconf 82' lang='lat' dir='ltr'><strong>Homero</strong></span> <span class='ocrx_word' id='word_1_151' title='bbox 1200 2166 1599 2244; x_wconf 83' lang='lat' dir='ltr'><strong>vindicabant,</strong></span> <span class='ocrx_word' id='word_1_152' title='bbox 1637 2167 1731 2232; x_wconf 86' lang='lat' dir='ltr'><strong>bis</strong></span> <span class='ocrx_word' id='word_1_153' title='bbox 1764 2186 2005 2251; x_wconf 88' lang='lat' dir='ltr'><strong>quoque</strong></span> <span class='ocrx_word' id='word_1_154' title='bbox 2032 2167 2495 2251; x_wconf 85' lang='lat' dir='ltr'><strong>haudquaquam</strong></span> <span class='ocrx_word' id='word_1_155' title='bbox 2534 2165 2642 2230; x_wconf 88' lang='lat' dir='ltr'><strong>de·</strong></span> 
     </span>
    </p>
   </div>
   <div class='ocr_carea' id='block_1_7' title="bbox 247 2269 2805 4438">
    <p class='ocr_par' dir='ltr' id='par_1_7' title="bbox 247 2269 2805 4438">
     <span class='ocr_line' id='line_1_20' title="bbox 270 2269 2643 2357; baseline 0.001 -20"><span class='ocrx_word' id='word_1_156' title='bbox 270 2272 462 2337; x_wconf 78' lang='lat' dir='ltr'><strong>misse</strong></span> <span class='ocrx_word' id='word_1_157' title='bbox 488 2272 997 2350; x_wconf 78' lang='lat' dir='ltr'><strong>demonstrarent,</strong></span> <span class='ocrx_word' id='word_1_158' title='bbox 1035 2284 1137 2338; x_wconf 89' lang='lat' dir='ltr'><strong>aut</strong></span> <span class='ocrx_word' id='word_1_159' title='bbox 1173 2272 1377 2357; x_wconf 89' lang='lat' dir='ltr'><strong>potius</strong></span> <span class='ocrx_word' id='word_1_160' title='bbox 1417 2273 1863 2337; x_wconf 85' lang='lat' dir='ltr'><strong>contenderent.</strong></span> <span class='ocrx_word' id='word_1_161' title='bbox 1952 2270 2106 2335; x_wconf 90' lang='lat' dir='ltr'><strong>Nam</strong></span> <span class='ocrx_word' id='word_1_162' title='bbox 2136 2269 2540 2336; x_wconf 75' lang='lat' dir='ltr'><strong>demonstrari</strong></span> <span class='ocrx_word' id='word_1_163' title='bbox 2565 2269 2643 2339; x_wconf 74' lang='lat' dir='ltr'><strong>dc</strong></span> 
     </span>
     <span class='ocr_line' id='line_1_21' title="bbox 275 2373 2642 2461; baseline -0 -19"><span class='ocrx_word' id='word_1_164' title='bbox 275 2373 642 2442; x_wconf 81' lang='lat' dir='ltr'><strong>carminibus</strong></span> <span class='ocrx_word' id='word_1_165' title='bbox 674 2375 1018 2459; x_wconf 76' lang='lat' dir='ltr'><strong>deperditis,</strong></span> <span class='ocrx_word' id='word_1_166' title='bbox 1048 2386 1110 2443; x_wconf 91' lang='lat' dir='ltr'><strong>et</strong></span> <span class='ocrx_word' id='word_1_167' title='bbox 1131 2395 1391 2461; x_wconf 88' lang='lat' dir='ltr'><strong>quorum</strong></span> <span class='ocrx_word' id='word_1_168' title='bbox 1420 2385 1655 2461; x_wconf 85' lang='lat' dir='ltr'><strong>praeter</strong></span> <span class='ocrx_word' id='word_1_169' title='bbox 1680 2375 2085 2461; x_wconf 86' lang='lat' dir='ltr'><strong>paucissimos</strong></span> <span class='ocrx_word' id='word_1_170' title='bbox 2107 2375 2436 2441; x_wconf 83' lang='lat' dir='ltr'><strong>versiculos</strong></span> <span class='ocrx_word' id='word_1_171' title='bbox 2465 2393 2642 2458; x_wconf 86' lang='lat' dir='ltr'><strong>prae-</strong></span> 
     </span>
     <span class='ocr_line' id='line_1_22' title="bbox 275 2473 2644 2565; baseline 0 -21"><span class='ocrx_word' id='word_1_172' title='bbox 275 2490 485 2564; x_wconf 79' lang='lat' dir='ltr'><strong>terque</strong></span> <span class='ocrx_word' id='word_1_173' title='bbox 521 2473 864 2546; x_wconf 86' lang='lat' dir='ltr'><strong>Proclianas</strong></span> <span class='ocrx_word' id='word_1_174' title='bbox 900 2482 1196 2565; x_wconf 87' lang='lat' dir='ltr'><strong>epitomas</strong></span> <span class='ocrx_word' id='word_1_175' title='bbox 1233 2480 1384 2546; x_wconf 90' lang='lat' dir='ltr'><strong>nibil</strong></span> <span class='ocrx_word' id='word_1_176' title='bbox 1420 2481 1715 2565; x_wconf 82' lang='lat' dir='ltr'><strong>reliquum</strong></span> <span class='ocrx_word' id='word_1_177' title='bbox 1747 2489 1865 2556; x_wconf 91' lang='lat' dir='ltr'><strong>est,</strong></span> <span class='ocrx_word' id='word_1_178' title='bbox 1918 2481 2075 2546; x_wconf 85' lang='lat' dir='ltr'><strong>haud</strong></span> <span class='ocrx_word' id='word_1_179' title='bbox 2116 2480 2283 2546; x_wconf 77' lang='lat' dir='ltr'><strong>facile</strong></span> <span class='ocrx_word' id='word_1_180' title='bbox 2318 2479 2644 2564; x_wconf 81' lang='lat' dir='ltr'><strong>quidquam</strong></span> 
     </span>
     <span class='ocr_line' id='line_1_23' title="bbox 278 2584 2648 2669; baseline 0 -19"><span class='ocrx_word' id='word_1_181' title='bbox 278 2604 467 2668; x_wconf 79' lang='lat' dir='ltr'><strong>posse</strong></span> <span class='ocrx_word' id='word_1_182' title='bbox 493 2594 760 2669; x_wconf 86' lang='lat' dir='ltr'><strong>apparet,</strong></span> <span class='ocrx_word' id='word_1_183' title='bbox 792 2604 1153 2669; x_wconf 89' lang='lat' dir='ltr'><strong>omnemque</strong></span> <span class='ocrx_word' id='word_1_184' title='bbox 1183 2584 1651 2668; x_wconf 87' lang='lat' dir='ltr'><strong>disputationem</strong></span> <span class='ocrx_word' id='word_1_185' title='bbox 1679 2584 1744 2649; x_wconf 92' lang='lat' dir='ltr'><strong>in</strong></span> <span class='ocrx_word' id='word_1_186' title='bbox 1781 2604 1855 2649; x_wconf 90' lang='lat' dir='ltr'><strong>eo</strong></span> <span class='ocrx_word' id='word_1_187' title='bbox 1885 2592 2119 2650; x_wconf 89' lang='lat' dir='ltr'><strong>tantum</strong></span> <span class='ocrx_word' id='word_1_188' title='bbox 2147 2584 2370 2650; x_wconf 80' lang='lat' dir='ltr'><strong>versari</strong></span> <span class='ocrx_word' id='word_1_189' title='bbox 2398 2602 2648 2650; x_wconf 80' lang='lat' dir='ltr'><strong>necesse</strong></span> 
     </span>
     <span class='ocr_line' id='line_1_24' title="bbox 281 2687 2648 2776; baseline -0 -23"><span class='ocrx_word' id='word_1_190' title='bbox 281 2698 404 2765; x_wconf 82' lang='lat' dir='ltr'><strong>est,</strong></span> <span class='ocrx_word' id='word_1_191' title='bbox 445 2687 710 2771; x_wconf 89' lang='lat' dir='ltr'><strong>primum</strong></span> <span class='ocrx_word' id='word_1_192' title='bbox 748 2697 820 2754; x_wconf 91' lang='lat' dir='ltr'><strong>ut</strong></span> <span class='ocrx_word' id='word_1_193' title='bbox 843 2688 1176 2754; x_wconf 82' lang='lat' dir='ltr'><strong>Aristotelis</strong></span> <span class='ocrx_word' id='word_1_194' title='bbox 1217 2690 1291 2754; x_wconf 91' lang='lat' dir='ltr'><strong>de</strong></span> <span class='ocrx_word' id='word_1_195' title='bbox 1330 2689 1694 2776; x_wconf 73' lang='lat' dir='ltr'><strong>carminibus</strong></span> <span class='ocrx_word' id='word_1_196' title='bbox 1735 2688 1849 2752; x_wconf 90' lang='lat' dir='ltr'><strong>illis</strong></span> <span class='ocrx_word' id='word_1_197' title='bbox 1890 2688 2304 2754; x_wconf 88' lang='lat' dir='ltr'><strong>testimonium</strong></span> <span class='ocrx_word' id='word_1_198' title='bbox 2333 2687 2648 2771; x_wconf 77' lang='lat' dir='ltr'><strong>diligenter</strong></span> 
     </span>
     <span class='ocr_line' id='line_1_25' title="bbox 280 2792 2643 2876; baseline -0.001 -18"><span class='ocrx_word' id='word_1_199' title='bbox 280 2792 634 2869; x_wconf 74' lang='lat' dir='ltr'><strong>exwtiatur,</strong></span> <span class='ocrx_word' id='word_1_200' title='bbox 676 2800 739 2856; x_wconf 88' lang='lat' dir='ltr'><strong>et</strong></span> <span class='ocrx_word' id='word_1_201' title='bbox 780 2792 923 2876; x_wconf 85' lang='lat' dir='ltr'><strong>quid</strong></span> <span class='ocrx_word' id='word_1_202' title='bbox 968 2813 1040 2858; x_wconf 84' lang='lat' dir='ltr'><strong>ex</strong></span> <span class='ocrx_word' id='word_1_203' title='bbox 1084 2813 1159 2858; x_wconf 86' lang='lat' dir='ltr'><strong>eo</strong></span> <span class='ocrx_word' id='word_1_204' title='bbox 1206 2796 1281 2859; x_wconf 89' lang='lat' dir='ltr'><strong>de</strong></span> <span class='ocrx_word' id='word_1_205' title='bbox 1324 2812 1536 2858; x_wconf 88' lang='lat' dir='ltr'><strong>eorum</strong></span> <span class='ocrx_word' id='word_1_206' title='bbox 1582 2792 2024 2876; x_wconf 78' lang='lat' dir='ltr'><strong>compositione</strong></span> <span class='ocrx_word' id='word_1_207' title='bbox 2055 2792 2250 2875; x_wconf 75' lang='lat' dir='ltr'><strong>colligi</strong></span> <span class='ocrx_word' id='word_1_208' title='bbox 2288 2792 2403 2857; x_wconf 85' lang='lat' dir='ltr'><strong>rite</strong></span> <span class='ocrx_word' id='word_1_209' title='bbox 2427 2792 2643 2876; x_wconf 86' lang='lat' dir='ltr'><strong>possit,</strong></span> 
     </span>
     <span class='ocr_line' id='line_1_26' title="bbox 281 2895 2648 2981; baseline 0 -20"><span class='ocrx_word' id='word_1_210' title='bbox 281 2895 623 2974; x_wconf 79' lang='lat' dir='ltr'><strong>definiatur,</strong></span> <span class='ocrx_word' id='word_1_211' title='bbox 661 2897 875 2962; x_wconf 88' lang='lat' dir='ltr'><strong>deinde</strong></span> <span class='ocrx_word' id='word_1_212' title='bbox 913 2906 982 2963; x_wconf 92' lang='lat' dir='ltr'><strong>ut</strong></span> <span class='ocrx_word' id='word_1_213' title='bbox 1020 2898 1153 2981; x_wconf 88' lang='lat' dir='ltr'><strong>ipsa</strong></span> <span class='ocrx_word' id='word_1_214' title='bbox 1198 2898 1528 2963; x_wconf 78' lang='lat' dir='ltr'><strong>carminum</strong></span> <span class='ocrx_word' id='word_1_215' title='bbox 1571 2898 1920 2980; x_wconf 75' lang='lat' dir='ltr'><strong>‘argumenta</strong></span> <span class='ocrx_word' id='word_1_216' title='bbox 1961 2906 2120 2962; x_wconf 87' lang='lat' dir='ltr'><strong>certe</strong></span> <span class='ocrx_word' id='word_1_217' title='bbox 2156 2915 2286 2962; x_wconf 91' lang='lat' dir='ltr'><strong>non</strong></span> <span class='ocrx_word' id='word_1_218' title='bbox 2323 2896 2648 2962; x_wconf 69' lang='lat' dir='ltr'><strong>abhorrere</strong></span> 
     </span>
     <span class='ocr_line' id='line_1_27' title="bbox 282 3000 2670 3085; baseline 0 -20"><span class='ocrx_word' id='word_1_219' title='bbox 282 3001 355 3065; x_wconf 87' lang='lat' dir='ltr'><strong>ab</strong></span> <span class='ocrx_word' id='word_1_220' title='bbox 384 3000 707 3066; x_wconf 83' lang='lat' dir='ltr'><strong>artificiosa</strong></span> <span class='ocrx_word' id='word_1_221' title='bbox 734 3012 797 3067; x_wconf 92' lang='lat' dir='ltr'><strong>et</strong></span> <span class='ocrx_word' id='word_1_222' title='bbox 824 3001 1195 3081; x_wconf 85' lang='lat' dir='ltr'><strong>Homericae,</strong></span> <span class='ocrx_word' id='word_1_223' title='bbox 1222 3002 1276 3066; x_wconf 89' lang='lat' dir='ltr'><strong>si</strong></span> <span class='ocrx_word' id='word_1_224' title='bbox 1304 3002 1508 3067; x_wconf 89' lang='lat' dir='ltr'><strong>minus</strong></span> <span class='ocrx_word' id='word_1_225' title='bbox 1538 3001 1688 3085; x_wconf 89' lang='lat' dir='ltr'><strong>pari,</strong></span> <span class='ocrx_word' id='word_1_226' title='bbox 1717 3019 1844 3065; x_wconf 93' lang='lat' dir='ltr'><strong>non</strong></span> <span class='ocrx_word' id='word_1_227' title='bbox 1875 3009 2074 3065; x_wconf 89' lang='lat' dir='ltr'><strong>tamen</strong></span> <span class='ocrx_word' id='word_1_228' title='bbox 2105 3000 2360 3066; x_wconf 86' lang='lat' dir='ltr'><strong>absimili</strong></span> <span class='ocrx_word' id='word_1_229' title='bbox 2388 3019 2670 3085; x_wconf 82' lang='lat' dir='ltr'><strong>compo-⁰</strong></span> 
     </span>
     <span class='ocr_line' id='line_1_28' title="bbox 281 3095 2648 3191; baseline 0.001 -23"><span class='ocrx_word' id='word_1_230' title='bbox 281 3104 499 3169; x_wconf 89' lang='lat' dir='ltr'><strong>sitione</strong></span> <span class='ocrx_word' id='word_1_231' title='bbox 544 3105 850 3188; x_wconf 88' lang='lat' dir='ltr'><strong>probetur.</strong></span> <span class='ocrx_word' id='word_1_232' title='bbox 946 3106 1181 3172; x_wconf 90' lang='lat' dir='ltr'><strong>Horum</strong></span> <span class='ocrx_word' id='word_1_233' title='bbox 1223 3115 1546 3190; x_wconf 88' lang='lat' dir='ltr'><strong>utrumque</strong></span> <span class='ocrx_word' id='word_1_234' title='bbox 1589 3125 1776 3191; x_wconf 87' lang='lat' dir='ltr'><strong>quum</strong></span> <span class='ocrx_word' id='word_1_235' title='bbox 1820 3104 1894 3169; x_wconf 86' lang='lat' dir='ltr'><strong>ab</strong></span> <span class='ocrx_word' id='word_1_236' title='bbox 1941 3104 2098 3181; x_wconf 84' lang='lat' dir='ltr'><strong>aliis,</strong></span> <span class='ocrx_word' id='word_1_237' title='bbox 2144 3113 2273 3170; x_wconf 90' lang='lat' dir='ltr'><strong>tum</strong></span> <span class='ocrx_word' id='word_1_238' title='bbox 2317 3095 2578 3171; x_wconf 82' lang='lat' dir='ltr'><strong>maxime</strong></span> <span class='ocrx_word' id='word_1_239' title='bbox 2601 3124 2648 3171; x_wconf 58' lang='lat' dir='ltr'><strong>⁴a</strong></span> 
     </span>
     <span class='ocr_line' id='line_1_29' title="bbox 280 3206 2805 3296; baseline 0 -24"><span class='ocrx_word' id='word_1_240' title='bbox 280 3206 584 3273; x_wconf 78' lang='lat' dir='ltr'><strong>Nitzsehio</strong></span> <span class='ocrx_word' id='word_1_241' title='bbox 624 3211 844 3276; x_wconf 78' lang='lat' dir='ltr'><strong>tactum</strong></span> <span class='ocrx_word' id='word_1_242' title='bbox 883 3221 1000 3289; x_wconf 85' lang='lat' dir='ltr'><strong>eet,</strong></span> <span class='ocrx_word' id='word_1_243' title='bbox 1048 3212 1149 3296; x_wconf 89' lang='lat' dir='ltr'><strong>qui</strong></span> <span class='ocrx_word' id='word_1_244' title='bbox 1192 3231 1343 3296; x_wconf 87' lang='lat' dir='ltr'><strong>quae</strong></span> <span class='ocrx_word' id='word_1_245' title='bbox 1386 3211 1615 3276; x_wconf 87' lang='lat' dir='ltr'><strong>dudum</strong></span> <span class='ocrx_word' id='word_1_246' title='bbox 1661 3210 1737 3275; x_wconf 90' lang='lat' dir='ltr'><strong>de</strong></span> <span class='ocrx_word' id='word_1_247' title='bbox 1773 3209 2037 3273; x_wconf 88' lang='lat' dir='ltr'><strong>Homero</strong></span> <span class='ocrx_word' id='word_1_248' title='bbox 2079 3209 2408 3292; x_wconf 88' lang='lat' dir='ltr'><strong>ceterisque</strong></span> <span class='ocrx_word' id='word_1_249' title='bbox 2445 3209 2643 3292; x_wconf 86' lang='lat' dir='ltr'><strong>poetis</strong></span> <span class='ocrx_word' id='word_1_250' title='bbox 2681 3223 2712 3276; x_wconf 77' lang='lat'><strong>5</strong></span> <span class='ocrx_word' id='word_1_251' title='bbox 2787 3262 2805 3273; x_wconf 79' lang='grc'><strong>,</strong></span> 
     </span>
     <span class='ocr_line' id='line_1_30' title="bbox 282 3299 2651 3400; baseline 0.001 -24"><span class='ocrx_word' id='word_1_252' title='bbox 282 3312 707 3379; x_wconf 80' lang='lat' dir='ltr'><strong>vetustioribus</strong></span> <span class='ocrx_word' id='word_1_253' title='bbox 737 3316 989 3400; x_wconf 87' lang='lat' dir='ltr'><strong>carptim</strong></span> <span class='ocrx_word' id='word_1_254' title='bbox 1020 3299 1477 3400; x_wconf 80' lang='lat' dir='ltr'><strong>perscripserat,</strong></span> <span class='ocrx_word' id='word_1_255' title='bbox 1514 3333 1711 3397; x_wconf 89' lang='lat' dir='ltr'><strong>nuper</strong></span> <span class='ocrx_word' id='word_1_256' title='bbox 1736 3313 1801 3378; x_wconf 91' lang='lat' dir='ltr'><strong>in</strong></span> <span class='ocrx_word' id='word_1_257' title='bbox 1829 3331 2017 3378; x_wconf 90' lang='lat' dir='ltr'><strong>unum</strong></span> <span class='ocrx_word' id='word_1_258' title='bbox 2049 3314 2292 3379; x_wconf 85' lang='lat' dir='ltr'><strong>collecta</strong></span> <span class='ocrx_word' id='word_1_259' title='bbox 2329 3313 2651 3397; x_wconf 82' lang='lat' dir='ltr'><strong>multisque</strong></span> 
     </span>
     <span class='ocr_line' id='line_1_31' title="bbox 283 3417 2650 3508; baseline -0.003 -20"><span class='ocrx_word' id='word_1_260' title='bbox 283 3432 343 3488; x_wconf 89' lang='lat' dir='ltr'><strong>et</strong></span> <span class='ocrx_word' id='word_1_261' title='bbox 375 3420 699 3508; x_wconf 78' lang='lat' dir='ltr'><strong>praeclaris</strong></span> <span class='ocrx_word' id='word_1_262' title='bbox 735 3419 1008 3503; x_wconf 84' lang='lat' dir='ltr'><strong>partibus</strong></span> <span class='ocrx_word' id='word_1_263' title='bbox 1055 3428 1225 3484; x_wconf 86' lang='lat' dir='ltr'><strong>aucta</strong></span> <span class='ocrx_word' id='word_1_264' title='bbox 1258 3419 1612 3503; x_wconf 86' lang='lat' dir='ltr'><strong>proposuit,</strong></span> <span class='ocrx_word' id='word_1_265' title='bbox 1651 3417 2064 3499; x_wconf 35' lang='lat' dir='ltr'><strong>‘gratissimum</strong></span> <span class='ocrx_word' id='word_1_266' title='bbox 2109 3418 2382 3500; x_wconf 82' lang='lat' dir='ltr'><strong>profecto</strong></span> <span class='ocrx_word' id='word_1_267' title='bbox 2423 3434 2650 3488; x_wconf 80' lang='lat' dir='ltr'><strong>munus</strong></span> 
     </span>
     <span class='ocr_line' id='line_1_32' title="bbox 286 3520 2650 3602; baseline -0.002 -10"><span class='ocrx_word' id='word_1_268' title='bbox 286 3526 571 3592; x_wconf 89' lang='lat' dir='ltr'><strong>omnibus</strong></span> <span class='ocrx_word' id='word_1_269' title='bbox 599 3524 894 3589; x_wconf 88' lang='lat' dir='ltr'><strong>bonarum</strong></span> <span class='ocrx_word' id='word_1_270' title='bbox 930 3524 1273 3589; x_wconf 84' lang='lat' dir='ltr'><strong>litterarum</strong></span> <span class='ocrx_word' id='word_1_271' title='bbox 1299 3523 1653 3588; x_wconf 85' lang='lat' dir='ltr'><strong>amantibus.</strong></span> <span class='ocrx_word' id='word_1_272' title='bbox 1741 3521 1860 3586; x_wconf 86' lang='lat' dir='ltr'><strong>Sed</strong></span> <span class='ocrx_word' id='word_1_273' title='bbox 1900 3523 1977 3587; x_wconf 88' lang='lat' dir='ltr'><strong>de</strong></span> <span class='ocrx_word' id='word_1_274' title='bbox 2002 3520 2337 3602; x_wconf 81' lang='lat' dir='ltr'><strong>Aristotelis</strong></span> <span class='ocrx_word' id='word_1_275' title='bbox 2385 3521 2650 3597; x_wconf 68' lang='lat' dir='ltr'><strong>auctoni—</strong></span> 
     </span>
     <span class='ocr_line' id='line_1_33' title="bbox 283 3626 2655 3747; baseline -0.004 -49"><span class='ocrx_word' id='word_1_276' title='bbox 283 3640 407 3698; x_wconf 88' lang='lat' dir='ltr'><strong>tate</strong></span> <span class='ocrx_word' id='word_1_277' title='bbox 434 3648 623 3747; x_wconf 82' lang='lat' dir='ltr'><strong>quum</strong></span> <span class='ocrx_word' id='word_1_278' title='bbox 658 3638 828 3695; x_wconf 87' lang='lat' dir='ltr'><strong>acute</strong></span> <span class='ocrx_word' id='word_1_279' title='bbox 865 3628 1105 3712; x_wconf 89' lang='lat' dir='ltr'><strong>quidem</strong></span> <span class='ocrx_word' id='word_1_280' title='bbox 1145 3646 1218 3692; x_wconf 90' lang='lat' dir='ltr'><strong>ac</strong></span> <span class='ocrx_word' id='word_1_281' title='bbox 1245 3626 1567 3702; x_wconf 87' lang='lat' dir='ltr'><strong>subtiliter,</strong></span> <span class='ocrx_word' id='word_1_282' title='bbox 1605 3644 1802 3710; x_wconf 88' lang='lat' dir='ltr'><strong>neque</strong></span> <span class='ocrx_word' id='word_1_283' title='bbox 1831 3634 2028 3690; x_wconf 88' lang='lat' dir='ltr'><strong>tamen</strong></span> <span class='ocrx_word' id='word_1_284' title='bbox 2066 3626 2146 3691; x_wconf 83' lang='lat' dir='ltr'><strong>ita</strong></span> <span class='ocrx_word' id='word_1_285' title='bbox 2175 3626 2546 3711; x_wconf 69' lang='lat' dir='ltr'><strong>disputatum</strong></span> <span class='ocrx_word' id='word_1_286' title='bbox 2569 3626 2655 3694; x_wconf 79' lang='lat' dir='ltr'><strong>ait</strong></span> 
     </span>
     <span class='ocr_line' id='line_1_34' title="bbox 286 3729 2652 3817; baseline -0.002 -17"><span class='ocrx_word' id='word_1_287' title='bbox 286 3756 321 3800; x_wconf 93' lang='lat' dir='ltr'><strong>a</strong></span> <span class='ocrx_word' id='word_1_288' title='bbox 350 3736 483 3800; x_wconf 81' lang='lat' dir='ltr'><strong>viro</strong></span> <span class='ocrx_word' id='word_1_289' title='bbox 522 3732 769 3810; x_wconf 83' lang='lat' dir='ltr'><strong>eximio,</strong></span> <span class='ocrx_word' id='word_1_290' title='bbox 808 3742 878 3798; x_wconf 86' lang='lat' dir='ltr'><strong>ut</strong></span> <span class='ocrx_word' id='word_1_291' title='bbox 913 3734 1093 3817; x_wconf 88' lang='lat' dir='ltr'><strong>plane</strong></span> <span class='ocrx_word' id='word_1_292' title='bbox 1132 3732 1188 3797; x_wconf 92' lang='lat' dir='ltr'><strong>ei</strong></span> <span class='ocrx_word' id='word_1_293' title='bbox 1228 3731 1506 3797; x_wconf 83' lang='lat' dir='ltr'><strong>assentiri</strong></span> <span class='ocrx_word' id='word_1_294' title='bbox 1544 3730 1811 3814; x_wconf 88' lang='lat' dir='ltr'><strong>possim,</strong></span> <span class='ocrx_word' id='word_1_295' title='bbox 1853 3730 2143 3797; x_wconf 88' lang='lat' dir='ltr'><strong>utendum</strong></span> <span class='ocrx_word' id='word_1_296' title='bbox 2191 3732 2307 3796; x_wconf 79' lang='lat' dir='ltr'><strong>hae</strong></span> <span class='ocrx_word' id='word_1_297' title='bbox 2351 3729 2652 3796; x_wconf 80' lang='lat' dir='ltr'><strong>scn‘bemli</strong></span> 
     </span>
     <span class='ocr_line' id='line_1_35' title="bbox 286 3835 2655 3986; baseline -0.001 -83"><span class='ocrx_word' id='word_1_298' title='bbox 286 3837 735 3924; x_wconf 80' lang='lat' dir='ltr'><strong>opportunitate</strong></span> <span class='ocrx_word' id='word_1_299' title='bbox 774 3838 951 3902; x_wconf 85' lang='lat' dir='ltr'><strong>statui</strong></span> <span class='ocrx_word' id='word_1_300' title='bbox 994 3838 1069 3902; x_wconf 87' lang='lat' dir='ltr'><strong>ad</strong></span> <span class='ocrx_word' id='word_1_301' title='bbox 1099 3836 1455 3901; x_wconf 89' lang='lat' dir='ltr'><strong>sententiam</strong></span> <span class='ocrx_word' id='word_1_302' title='bbox 1492 3854 1687 3946; x_wconf 77' lang='lat' dir='ltr'><strong>meam</strong></span> <span class='ocrx_word' id='word_1_303' title='bbox 1705 3854 1901 3919; x_wconf 83' lang='lat' dir='ltr'><strong>quam</strong></span> <span class='ocrx_word' id='word_1_304' title='bbox 1931 3835 2280 3919; x_wconf 84' lang='lat' dir='ltr'><strong>planissime</strong></span> <span class='ocrx_word' id='word_1_305' title='bbox 2305 3844 2517 3986; x_wconf 69' lang='lat' dir='ltr'><strong>potero</strong></span> <span class='ocrx_word' id='word_1_306' title='bbox 2533 3853 2655 3905; x_wconf 76' lang='lat' dir='ltr'><strong>ex-</strong></span> 
     </span>
     <span class='ocr_line' id='line_1_36' title="bbox 286 3941 655 4029; baseline -0.011 -18"><span class='ocrx_word' id='word_1_307' title='bbox 286 3941 655 4029; x_wconf 88' lang='lat' dir='ltr'><strong>ponendam.</strong></span> 
     </span>
     <span class='ocr_line' id='line_1_37' title="bbox 247 3967 2651 4128; baseline -0.004 -12"><span class='ocrx_word' id='word_1_308' title='bbox 247 4110 254 4116; x_wconf 84' lang='lat'><strong><em>.</em></strong></span> <span class='ocrx_word' id='word_1_309' title='bbox 461 4046 651 4128; x_wconf 78' lang='lat' dir='ltr'><strong>Igitur</strong></span> <span class='ocrx_word' id='word_1_310' title='bbox 702 4043 765 4109; x_wconf 90' lang='lat' dir='ltr'><strong>in</strong></span> <span class='ocrx_word' id='word_1_311' title='bbox 816 4042 1010 4108; x_wconf 87' lang='lat' dir='ltr'><strong>libello</strong></span> <span class='ocrx_word' id='word_1_312' title='bbox 1061 4046 1138 4110; x_wconf 88' lang='lat' dir='ltr'><strong>de</strong></span> <span class='ocrx_word' id='word_1_313' title='bbox 1183 4054 1309 4109; x_wconf 87' lang='lat' dir='ltr'><strong>arte</strong></span> <span class='ocrx_word' id='word_1_314' title='bbox 1363 4043 1596 4128; x_wconf 81' lang='lat' dir='ltr'><strong>poetica</strong></span> <span class='ocrx_word' id='word_1_315' title='bbox 1640 4043 1901 4108; x_wconf 85' lang='lat' dir='ltr'><strong>dilaudat</strong></span> <span class='ocrx_word' id='word_1_316' title='bbox 1937 3983 2270 4108; x_wconf 84' lang='lat' dir='ltr'><strong>Homerum</strong></span> <span class='ocrx_word' id='word_1_317' title='bbox 2299 3967 2651 4108; x_wconf 78' lang='lat' dir='ltr'><strong>Aristoteles</strong></span> 
     </span>
     <span class='ocr_line' id='line_1_38' title="bbox 289 4146 2762 4233; baseline -0.004 -15"><span class='ocrx_word' id='word_1_318' title='bbox 289 4150 530 4218; x_wconf 82' lang='lat' dir='ltr'><strong>duobus</strong></span> <span class='ocrx_word' id='word_1_319' title='bbox 566 4148 752 4225; x_wconf 81' lang='lat' dir='ltr'><strong>locis,</strong></span> <span class='ocrx_word' id='word_1_320' title='bbox 805 4167 939 4232; x_wconf 82' lang='lat' dir='ltr'><strong>cap.</strong></span> <span class='ocrx_word' id='word_1_321' title='bbox 966 4148 1006 4215; x_wconf 87' lang='grc'>8</span> <span class='ocrx_word' id='word_1_322' title='bbox 1034 4158 1098 4213; x_wconf 90' lang='lat' dir='ltr'><strong>et</strong></span> <span class='ocrx_word' id='word_1_323' title='bbox 1122 4169 1255 4233; x_wconf 82' lang='lat' dir='ltr'><strong>cap.</strong></span> <span class='ocrx_word' id='word_1_324' title='bbox 1285 4148 1400 4225; x_wconf 82' lang='lat'><strong>23,</strong></span> <span class='ocrx_word' id='word_1_325' title='bbox 1453 4156 1770 4232; x_wconf 80' lang='lat' dir='ltr'><strong>propterea</strong></span> <span class='ocrx_word' id='word_1_326' title='bbox 1807 4146 1971 4231; x_wconf 81' lang='lat' dir='ltr'><strong>quod</strong></span> <span class='ocrx_word' id='word_1_327' title='bbox 2008 4165 2167 4212; x_wconf 90' lang='lat' dir='ltr'><strong>unus</strong></span> <span class='ocrx_word' id='word_1_328' title='bbox 2217 4147 2340 4210; x_wconf 71' lang='lat' dir='ltr'><strong>rene</strong></span> <span class='ocrx_word' id='word_1_329' title='bbox 2378 4146 2652 4210; x_wconf 90' lang='lat' dir='ltr'><strong>omnium</strong></span> <span class='ocrx_word' id='word_1_330' title='bbox 2757 4163 2762 4166; x_wconf 74' lang='grc'><strong>’</strong></span> 
     </span>
     <span class='ocr_line' id='line_1_39' title="bbox 289 4248 2657 4339; baseline -0.003 -17"><span class='ocrx_word' id='word_1_331' title='bbox 289 4266 609 4339; x_wconf 83' lang='lat' dir='ltr'><strong>poetarum</strong></span> <span class='ocrx_word' id='word_1_332' title='bbox 636 4251 948 4337; x_wconf 86' lang='lat' dir='ltr'><strong>epicorum</strong></span> <span class='ocrx_word' id='word_1_333' title='bbox 974 4252 1166 4337; x_wconf 77' lang='lat' dir='ltr'><strong>legem</strong></span> <span class='ocrx_word' id='word_1_334' title='bbox 1194 4253 1435 4318; x_wconf 82' lang='lat' dir='ltr'><strong>unitatis</strong></span> <span class='ocrx_word' id='word_1_335' title='bbox 1464 4252 1529 4317; x_wconf 90' lang='lat' dir='ltr'><strong>in</strong></span> <span class='ocrx_word' id='word_1_336' title='bbox 1557 4270 1758 4316; x_wconf 87' lang='lat' dir='ltr'><strong>rerum</strong></span> <span class='ocrx_word' id='word_1_337' title='bbox 1773 4301 1789 4329; x_wconf 91' lang='lat'><strong>,</strong></span> <span class='ocrx_word' id='word_1_338' title='bbox 1826 4271 1975 4335; x_wconf 82' lang='lat' dir='ltr'><strong>quas</strong></span> <span class='ocrx_word' id='word_1_339' title='bbox 2005 4249 2312 4326; x_wconf 84' lang='lat' dir='ltr'><strong>cecinerit,</strong></span> <span class='ocrx_word' id='word_1_340' title='bbox 2341 4248 2570 4315; x_wconf 85' lang='lat' dir='ltr'><strong>delectu</strong></span> <span class='ocrx_word' id='word_1_341' title='bbox 2596 4260 2657 4314; x_wconf 85' lang='lat' dir='ltr'><strong>et</strong></span> 
     </span>
     <span class='ocr_line' id='line_1_40' title="bbox 291 4354 2654 4438; baseline -0.004 -11"><span class='ocrx_word' id='word_1_342' title='bbox 291 4358 649 4427; x_wconf 84' lang='lat' dir='ltr'><strong>tractatione</strong></span> <span class='ocrx_word' id='word_1_343' title='bbox 695 4356 1030 4424; x_wconf 80' lang='lat' dir='ltr'><strong>servaverit.</strong></span> <span class='ocrx_word' id='word_1_344' title='bbox 1138 4356 1428 4423; x_wconf 83' lang='lat' dir='ltr'><strong>Peccasse</strong></span> <span class='ocrx_word' id='word_1_345' title='bbox 1474 4355 1638 4422; x_wconf 87' lang='lat' dir='ltr'><strong>enim</strong></span> <span class='ocrx_word' id='word_1_346' title='bbox 1678 4366 1887 4421; x_wconf 87' lang='lat' dir='ltr'><strong>contra</strong></span> <span class='ocrx_word' id='word_1_347' title='bbox 1932 4356 2090 4421; x_wconf 84' lang='lat' dir='ltr'><strong>hanc</strong></span> <span class='ocrx_word' id='word_1_348' title='bbox 2135 4354 2326 4438; x_wconf 79' lang='lat' dir='ltr'><strong>legem</strong></span> <span class='ocrx_word' id='word_1_349' title='bbox 2370 4371 2499 4420; x_wconf 89' lang='lat' dir='ltr'><strong>non</strong></span> <span class='ocrx_word' id='word_1_350' title='bbox 2542 4372 2654 4418; x_wconf 77' lang='lat' dir='ltr'><strong>eos</strong></span> 
     </span>
    </p>
   </div>
  </div>
 </body>
</html>
