3102 4866
1530 342 1616 407 to

390 545 513 613 quo
550 548 830 614 egressos
866 530 1422 597 navibuscraeeos
1458 532 1682 597 flustra
1716 529 2006 615 repellere
2039 531 2240 596 conati
2279 538 2455 608 sunt,
2497 551 2749 615 ——2quo

389 634 710 701 coetsmine
743 635 1142 712 Protesilaus,
1183 635 1286 720 qui
1323 635 1561 720 primus
1601 635 1873 702 omnium
1913 637 1990 700 de
2023 653 2173 700 nave
2209 636 2469 711 definit,
2509 635 2747 701 occisus

386 756 526 803 esse
551 738 768 805 dicitur
790 738 867 816 11,
896 740 1045 816 701,
1073 775 1165 788 —-
1189 757 1300 823 per
1326 759 1510 805 omne
1534 740 1831 824 reliquum
1861 748 2104 822 tempus
2139 747 2342 804 tantus
2370 740 2564 803 fuerat
2590 740 2748 822 apud

390 862 499 908 eos
527 850 725 909 terror
749 851 1034 928 tantaque
1058 844 1273 909 virium
1302 844 1653 921 diffidentia,
1689 851 1758 909 ιιι
1785 844 2035 908 tolerare
2064 843 2446 908 ohsidionem
2475 861 2656 926 quam
2685 842 2749 906 in

389 964 632 1030 pugnae
668 947 993 1014 discrimen
1032 968 1101 1013 se
1140 950 1515 1015 committere
1553 949 1813 1015 mallent.
1905 947 2075 1013 Certe
2110 964 2420 1030 nunqnam
2455 946 2751 1010 universis

320 1082 349 1123 ε·
390 1048 581 1132 copi'n
609 1051 1013 1118 conflictatum
1045 1061 1167 1129 eet,
1193 1071 1417 1137 pnucee
1446 1055 1707 1119 fortasse
1733 1073 1846 1137 per
1872 1052 2250 1120 occasionem
2279 1072 2352 1116 ex
2387 1051 2540 1116 urhe
2566 1069 2752 1134 emp·

391 1152 586 1220 tiones
612 1155 826 1235 haue,
853 1175 1041 1241 quum
1071 1156 1745 1241 Graeci‚‚praeterqusm
1773 1158 1938 1243 quod
1967 1157 2101 1221 illos
2131 1157 2422 1221 obsessos
2450 1155 2751 1230 tenebant,

390 1257 609 1323 oeehro
653 1260 829 1325 etiam
887 1260 1337 1344 longinquiores
1387 1264 1772 1327 excursiones
1823 1270 1954 1327 tuto
2005 1260 2378 1345 susciperent
2436 1260 2754 1344 sociasque

388 1361 571 1427 urbes
606 1371 1038 1447 expugnarent,
1077 1365 1138 1429 in
1178 1365 1395 1448 quihus
1434 1365 1703 1442 Thebas,
1737 1367 2099 1450 lqrnesum,
2139 1364 2438 1429 Pedasum
2491 1364 2753 1448 aliusque

388 1483 515 1531 non
544 1485 786 1548 paucus.
872 1468 1023 1533 Nam
1051 1478 1176 1533 tres
1205 1476 1267 1533 ct
1292 1468 1496 1551 viginti
1532 1489 1567 1533 a
1598 1488 1666 1533 se
1696 1477 1898 1553 ceptus
1928 1477 1986 1533 et
2024 1468 2289 1551 direptas
2331 1487 2470 1532 esse
2497 1467 2753 1532 Achilles

387 1568 673 1653 glorietur
698 1570 799 1649 lx,
829 1572 976 1637 328.
1063 1572 1236 1637 Unde
1266 1572 1448 1655 igitur
1485 1591 1650 1638 nunc
1674 1574 1825 1638 haec
1851 1571 2048 1638 subita
2076 1569 2366 1636 audacia?
2451 1571 2754 1637 Ridehunt
2816 1630 2822 1635 .

390 1673 549 1738 haud
579 1673 757 1740 dubie
787 1675 958 1740 multi
997 1676 1087 1740 sic
1130 1686 1539 1758 quaerentem,
1579 1685 1649 1742 ut
1688 1677 1790 1761 qui
1816 1693 1945 1740 non
1982 1675 2371 1760 perspiciam,
2400 1674 2462 1738 id
2491 1674 2654 1758 quod
2684 1676 2748 1739 in

389 1785 597 1859 aperto
626 1778 724 1852 sit,
755 1789 929 1844 antea
955 1779 1250 1844 Troianos
1290 1790 1456 1846 metu
1485 1781 1724 1846 Achillis
1754 1776 2067 1873 pen-mlsos
2096 1779 2417 1845 moenibus
2456 1798 2523 1843 se
2552 1778 2750 1862 conti-

388 1879 615 1958 nuisse,
642 1899 805 1946 nunc
833 1890 1053 1958 autem,
1083 1883 1204 1948 hoc
1231 1894 1397 1949 metu
1425 1884 1670 1969 dempto
1686 1933 1703 1961 ‚
1732 1903 1857 1949 non
1886 1883 2141 1968 amplius
2172 1892 2476 1948 certamen
2515 1883 2751 1947 detrec-

389 1990 519 2048 tare
534 1987 618 2063 ⁴)
707 1984 815 2049 Sic
845 1985 1006 2050 enim
1047 1984 1174 2050 non
1214 1987 1415 2052 solum
1452 1987 1736 2052 Achillem
1767 1987 2121 2070 gloriantem
2149 1987 2424 2052 audimus
2464 1985 2564 2060 IX,
2605 1985 2751 2060 352,

387 2088 501 2153 sed.
546 2090 938 2156 confirmatur
986 2110 1084 2156 res
1135 2092 1313 2155 etiam
1364 2091 1611 2156 Iunonis
1663 2099 1725 2155 et
1772 2090 2034 2175 Neptuni
2083 2091 2445 2156 testimoniis
2495 2090 2563 2165 V,
2602 2089 2752 2154 788.

296 2208 360 2261 ιο
396 2191 549 2268 xm,
608 2194 750 2269 105,
809 2195 1125 2279 ipsiusque
1172 2196 1646 2277 Agamemnonis
1709 2203 2160 2280 ceterorumque
2208 2195 2550 2280 principum
2602 2213 2753 2259 con·

388 2296 652 2365 fessione
680 2296 781 2375 tx,
815 2299 938 2363 116
967 2299 1214 2383 aliisque
1241 2300 1412 2364 locis.
1478 2299 1635 2365 Nolo
1666 2318 1964 2384 quaerere,
1997 2319 2104 2364 cur
2129 2318 2209 2364 ne
2235 2299 2481 2364 ahsente
2510 2298 2752 2380 quidem

390 2399 455 2465 in
491 2399 970 2484 expeditionibus
1006 2402 1230 2469 Achille
1266 2404 1573 2470 decertare
1622 2423 1761 2471 cum
1800 2404 1873 2469 iis
1911 2405 2046 2469 ausi
2085 2405 2230 2481 sint,
2281 2403 2383 2489 qui
2425 2403 2486 2469 in
2539 2402 2754 2468 castris

391 2505 849 2571 mansissent:
887 2525 1028 2571 nam
1067 2509 1427 2592 responderi
1466 2510 1713 2593 poterit,
1751 2508 2076 2575 nescivisse
2103 2528 2238 2584 eos,
2279 2519 2481 2574 utrum
2522 2507 2757 2572 abesset

390 2610 488 2674 ille
514 2628 595 2675 an
622 2628 778 2686 non,
809 2629 977 2677 nunc
1004 2621 1200 2677 autem
1234 2615 1519 2679 coetiores
1547 2617 1738 2680 factos
1770 2616 1845 2681 de
1871 2617 2001 2680 eius
2029 2615 2117 2678 ira
2151 2622 2338 2696 utque
2365 2612 2666 2678 abstinere
2691 2611 2754 2675 in

392 2721 607 2788 totum,
624 2714 778 2778 hello
821 2715 1172 2790 dea-evenit,
1209 2717 1472 2801 reliquos
1511 2736 1638 2784 non
1676 2719 1795 2783 iam
1831 2717 2277 2802 pertimescere.
2367 2716 2526 2780 Sane
2564 2715 2653 2779 sic
2686 2722 2755 2778 ut

392 2825 688 2884 statuatm·
716 2817 1304 2892 omnisxoeoonomia
1335 2820 1616 2885 carminis
1645 2819 1895 2902 flagitem
1922 2819 2057 2892 sed,
2089 2818 2207 2882 nisi
2238 2818 2430 2894 fallor,
2459 2817 2757 2899 flagitabat

389 2938 519 2986 non
554 2921 757 2986 minus
809 2921 955 2985 artis
990 2921 1111 3000 lex,
1159 2931 1227 2986 ιιι
1263 2923 1324 2988 id
1368 2922 1545 2987 etiam
1586 2923 1907 2999 diceretur,
1956 2941 2150 3005 neque
2199 2921 2627 2986 incommodus
2679 2922 2751 2985 ad

391 3024 711 3090 dicendum
766 3024 937 3089 locus
995 3034 1121 3089 erat
1176 3025 1239 3090 in
1289 3024 1464 3090 Iridis
1521 3026 1819 3102 oratione,
1878 3045 2066 3109 quum
2126 3044 2193 3089 ea
2244 3025 2412 3089 Jovis
2471 3025 2752 3090 mandato

389 3128 686 3193 Troianos
728 3127 968 3193 Graecis
1009 3128 1244 3194 ohviem
1282 3129 1371 3193 ire
1410 3128 1602 3205 iubet,
1639 3129 1738 3207 11,·
1762 3129 2123 3195 786-806.
2211 3126 2385 3193 Nunc
2413 3140 2610 3195 autem
2639 3129 2753 3194 Iris

390 3230 545 3301 nihil
586 3232 709 3296 nisi
735 3232 1145 3298 incredibilem
1174 3232 1445 3297 hostium
1472 3232 1916 3298 multitudinem
1945 3241 2273 3308 memorat,
2314 3252 2466 3314 quae
2502 3252 2601 3298 res
2629 3242 2754 3297 ter-

389 3354 595 3402 rorem
633 3336 836 3419 potius
880 3336 1159 3402 Troianis
1198 3354 1377 3418 quam
1423 3337 1661 3401 animos
1704 3337 1924 3403 addere
1973 3335 2251 3402 debuisse
2302 3336 2561 3413 videtui-3
2612 3337 2756 3402 illud

392 3447 641 3517 cunm,
675 3459 796 3523 quo
824 3458 950 3506 uno
990 3441 1139 3505 haec
1176 3439 1414 3504 insolita
1455 3442 1531 3505 ad
1577 3441 1999 3506 decertandum
2029 3441 2271 3505 audacia
2301 3440 2601 3506 credibilis
2629 3440 2754 3505 fleri

301 3593 309 3601 .
391 3543 619 3627 pouu't,
667 3562 745 3608 ne
781 3544 967 3609 verbo
1021 3543 1264 3627 quidem
1312 3545 1522 3627 tangit.
1612 3545 2001 3610 Reticenu'am
2051 3544 2232 3626 igitur
2281 3553 2497 3628 poetae
2545 3545 2607 3609 in
2645 3546 2759 3609 hac

393 3657 560 3733 parte
597 3648 953 3714 narrationis
993 3666 1172 3712 nemo
1214 3666 1339 3712 non
1380 3649 1602 3731 poterit
1638 3667 1985 3731 agnoscere,
2035 3667 2228 3732 neque
2269 3650 2583 3715 defuturos
2623 3668 2759 3714 esse

394 3752 605 3829 credo,
644 3752 746 3836 qui
784 3752 941 3817 hanc
979 3771 1105 3817 non
1147 3753 1332 3817 modo
1363 3771 1489 3818 non
1519 3753 1881 3829 mirandm,
1908 3753 2044 3822 sed.
2075 3753 2130 3817 si
2158 3752 2311 3838 ipsis
2340 3753 2420 3818 ita
2448 3752 2755 3838 placuerit,

392 3855 946 3938 etiamlaudandam
970 3876 1111 3921 esse
1128 3857 1464 3923 rationibus
1494 3856 1746 3922 acutulis
1775 3858 2212 3923 demonstrent.
2267 3858 2509 3923 Interim
2540 3866 2755 3932 tumen,

248 3987 255 3994 ·
394 3961 588 4025 donec
606 3960 843 4026 veriora
871 3960 1123 4026 edoctus
1154 3963 1347 4038 fuero,
1372 3963 1664 4045 profiteor
1691 3960 1966 4043 equidem
1996 3961 2153 4026 hanc
2179 3962 2330 4027 mihi
2352 3961 2753 4028 nan-ationem

394 4082 518 4129 non
550 4066 641 4129 sic
667 4072 736 4130 ιιι
762 4085 873 4149 par
899 4073 1029 4130 erat
1055 4066 1129 4129 ad
1160 4065 1447 4149 reliquam
1487 4065 1771 4134 carminis
1802 4066 2217 4131 oeconomiam
2247 4064 2752 4132 accommodatam

393 4168 591 4244 videri,
620 4169 724 4234 sed
755 4165 1013 4253 p'rodere
1040 4170 1223 4234 alium
1251 4179 1516 4253 poetam,
1548 4171 1652 4235 cui·
1671 4188 1798 4234 non
1817 4169 2045 4246 eadem,
2074 4190 2253 4254 quam
2284 4188 2467 4253 supra
2486 4167 2755 4249 descrip-

426 4359 431 4364 ’
533 4355 585 4461 4)
623 4355 961 4453 corun-01..
985 4398 1022 4451 ι.
1049 4399 1086 4452 1.
1112 4415 1162 4469 p.
1191 4399 1312 4454 2⁰2.
1378 4343 1385 4360 Ι
1423 4351 1437 4389 ⁵
