3102 4866
1355 251 1537 319 -427

295 447 542 530 gebunt:
577 446 967 514 celebrabitur
993 445 1164 531 apud'
1180 453 1479 530 posteros,
1508 445 2008 529 quamdiuerunt,
2038 449 2139 532 qui
2162 449 2250 514 vei
2270 448 2334 515 in
2356 449 2644 537 principis

291 554 651 635 tragicorum
684 552 967 650 operibus
995 571 1118 617 non
1151 551 1327 617 verba
1354 550 1551 616 solum
1581 559 1685 616 aut
1704 559 1948 619 externa
1975 553 2120 620 artis
2143 561 2510 632 ornamenta,
2539 556 2644 621 sed

292 657 539 721 intimos
592 657 865 721 sublimis
916 657 1099 721 animi
1152 674 1367 721 sensus
1411 664 1471 720 et
1511 675 1717 721 rerum
1754 657 2087 723 divinarum
2127 659 2647 745 humanarumque

291 762 571 828 notiones
608 769 924 845 quaerant,
970 763 1059 827 vel
1097 762 1201 845 qui
1243 761 1532 846 principis
1575 761 1638 826 in
1677 761 1826 827 orbe
1853 770 2142 829 temnrm
2170 763 2381 848 popuii
2406 764 2646 850 religio·

292 885 401 931 nes
430 867 763 933 accuratius
792 883 1155 949 pernoscere
1182 884 1612 949 sacrorumque
1634 866 1897 950 origines
1919 866 2427 961 absconditosque
2446 869 2645 935 tontes

292 970 646 1052 investigare
673 970 966 1035 studeant.
980 1006 1046 1020 -
1085 970 1268 1059 Vobis
1296 978 1516 1047 autem,
1530 969 2009 1048 Commilitones,
2037 974 2390 1057 memoriam
2405 972 2515 1039 viri
2535 973 2642 1038 de-

293 1075 706 1141 sideratissimi
755 1075 934 1140 etiam
973 1084 1222 1161 propter
1256 1075 1371 1141 alia
1408 1074 1567 1139 bona
1605 1074 1887 1158 plurima,
1939 1094 2298 1159 quamquam
2337 1077 2539 1142 minus
2567 1078 2643 1142 ad

292 1188 524 1246 exteros
561 1179 839 1257 *illustria
889 1195 1088 1246 caram
1118 1190 1180 1245 et
1207 1189 1475 1244 sanctam
1506 1178 2041 1244 fore-confidimus.
2120 1178 2310 1273 *Vobis
2331 1182 2500 1247 enim
2518 1182 2643 1246 ve-

293 1295 566 1370 straeque
606 1286 967 1351 institutioni
1011 1286 1334 1370 plurimum
1378 1284 1476 1349 iile
1519 1303 1737 1368 operae
1772 1292 1833 1348 et
1875 1269 2134 1366 optimas
2162 1268 2346 1350 boras
2373 1284 2643 1351 libentis-

293 1392 445 1457 sime
472 1390 794 1456 tribuebat:
824 1391 994 1456 vobis
1025 1390 1317 1466 docendo,
1348 1387 1786 1474 praecipiendo,
1815 1388 2097 1475 omnibus
2126 1389 2326 1456 modis
2354 1390 2644 1474 prodesse

291 1496 622 1562 laborabat:
666 1515 865 1579 neque
886 1514 1154 1579 unquam
1185 1492 1512 1578 apud'eum
1543 1502 1648 1559 aut
1675 1494 1919 1559 tarditas
1949 1494 2378 1560 nonnullorum
2402 1502 2510 1559 aut
2538 1514 2651 1569 so·‚

292 1600 494 1665 cordia
520 1608 748 1666 tantum
767 1600 1007 1676 valebat,
1035 1610 1104 1664 ut
1132 1597 1453 1682 quidquam
1484 1598 1559 1662 ab
1588 1598 1921 1664 intentione
1949 1599 2133 1664 animi
2162 1606 2264 1664 aut
2286 1597 2510 1664 iaboris
2534 1618 2643 1664 as-

292 1703 568 1769 siduitate
595 1704 710 1769 sibi
739 1702 1163 1770 remittendum
1193 1722 1329 1767 esse
1356 1711 1618 1786 putaret.-
1651 1708 1672 1720 ‘
1690 1703 1768 1768 Et
1800 1704 2074 1780 amastis,
2125 1704 2229 1786 qui
2254 1695 2642 1769 mnsam!

289 1792 731 1874 audiebatis—
760 1809 799 1872 ii
829 1817 988 1874 certe
1003 1816 1309 1884 ·vestrum
1339 1825 1494 1890 quos
1524 1806 1882 1890 compellare
1909 1807 2409 1892 operaepretium
2427 1817 2532 1873 est
2554 1842 2642 1859 ·-

292 1912 536 1977 amastis
586 1913 715 1977 eius
765 1912 827 1977 in
872 1912 1178 1977 tradendis
1231 1911 1558 1996 disciplinis
1610 1910 2023 1989 subtilitatem,
2073 1912 2173 1976 in
2154 1912 2642 1997 interpretandis

294 2016 685 2100 scriptoribus
729 2016 1111 2100 elegantiam,
1153 2018 1217 2080 in
1262 2014 1644 2080 moderandis
1673 2015 1938 2080 tironum
1968 2016 2493 2083 exa-munenibus
2510 2016 2642 2081 'soi-

293 2120 553 2196 iertiam,
579 2140 738 2204 erga·
747 2122 897 2186 bene
924 2129 1194 2186 moratos
1222 2129 1283 2186 et
1310 2118 1578 2185 discendi
1606 2120 1858 2203 cupidos
1891 2121 2235 2186 comitatem
2263 2129 2641 2206 promptam·

291 2242 407 2306 que
448 2224 521 2288 ad
561 2227 742 2289 omne
780 2244 966 2307 genus
1005 2224 1392 2290 consiliorum
1423 2232 1527 2288 aut
1551 2223 1907 2295 auxiliorum
1939 2225 2325 2307 voluntatem,
2366 2225 2643 2291 animum

292 2326 544 2409 denique
588 2329 765 2392 unius
789 2328 1136 2394 ’honestatis
1181 2336 1241 2391 et
1277 2328 1546 2392 ‘veritatis
1594 2347 1801 2392 amore
1848 2330 2282 2395 inflammatum
2302 2377 2318 2405 ,
2366 2330 2641 2404 liberum,

286 2440 547 2497 erectum
566 2481 583 2508 ,
627 2441 688 2498 et
717 2431 1003 2517 quidquid
1031 2431 1274 2515 agebat,
1317 2431 1442 2496 sive
1463 2441 1539 2496 ut
1567 2433 1839 2499 venet-ab
1867 2433 1997 2500 aliis
2029 2435 2153 2500 sive
2183 2454 2358 2508 secus
2384 2435 2642 2519 accipie·

283 2535 473 2611 batur,
503 2538 979 2603 rectefactorum
1010 2538 1375 2603 conscientia
1405 2546 1772 2603 contentum.
1836 2538 2002 2604 Talis
2032 2540 2212 2622 igitur
2238 2539 2642 2625 praeceptoris

281 2641 599 2722 imaginem
613 2643 756 2706 ‘non
786 2643 904 2707 cito
933 2662 1006 2706 ex
1037 2642 1269 2707 animis·
1284 2643 1493 2707 vestris
1511 2642 1887 2726 -elapsuram‚
1922 2646 2036 2710 sed
2073 2644 2389 2710 haesuram
2420 2661 2641 2738 perpe·

282 2753 563 2829 tuamque
591 2746 722 2811 sore
750 2765 1079 2830 speramus,
1101 2745 1589 2812 ‘efficacissimum
1618 2746 1804 2812 Vobis
1834 2748 1907 2813 ad
1936 2767 2186 2814 omnem
2214 2748 2492 2814 virtum
2510 2749 2638 2813 bo-

281 2858 694 2933 nestatemque
719 2850 1188 2927 incitamentum,
1218 2869 1296 2915 ne
1323 2859 1444 2915 tam
1475 2850 1845 3002 praeclarum
1865 2853 2203 3002 exemplum
2224 2855 2448 2919 frustra
2469 2852 2640 2984 vobis

282 2953 664 3036 propositum
694 2953 881 3020 fuisse
909 2954 1238 3020 videntur.-
1329 2967 1356 2980 '·
1686 2967 1791 3008 Ἰ·
1802 2971 1809 2990 ²
2166 2973 2194 2996 ²
2242 2973 2271 3000 ‘¹
2364 2971 2427 3010 ⁴

453 3057 643 3122 Scrib.
669 3059 738 3124 in
768 3059 1024 3124 univers.
1057 3060 1336 3218 (irypb.
1310 3080 1363 3125 a.
1393 3060 1452 3125 d.
1482 3060 1621 3125 XV.
1638 2995 1758 3126 981.
1742 3061 1979 3215 April
1990 3061 2427 3208 11999939·
