3102 4866
1373 258 1501 326 203

267 470 452 534 ματα
493 400 614 537 τήν
647 438 1046 538 Ἡράκλειον
1085 442 1317 532 ἔξοδον
1343 444 1697 539 γοωμένην,
1726 451 1792 517 ιιι
1821 471 1939 536 qua
1963 460 2218 536 uterque
2245 450 2616 517 accusativus

272 546 619 641 ὀδύρματα
661 564 723 620 et
762 545 999 635 ἔξοδον
1037 577 1074 623 a
1101 556 1280 622 verho
1321 549 1656 644 γοωμένην
1694 557 1805 621 sed
1846 557 2074 642 dispari
2108 557 2339 623 ratione
2375 554 2617 640 pendet.

267 659 565 724 Nimirum
588 659 824 725 cuilibet
851 661 1030 726 vedio
1059 661 1365 727 transitivo
1397 661 1518 725 duo
1547 661 1865 726 acmsativi
1886 661 2126 744 adiungi
2155 668 2433 744 possunt,
2463 678 2620 743 quo·

268 782 407 828 rum
444 765 591 830 alter
629 766 824 850 ipsam
852 766 1179 842 actionem,
1219 765 1390 830 cuius
1427 765 1544 830 iam
1583 766 1647 829 in
1686 765 1821 848 ipso
1853 764 2033 829 verbo
2063 765 2220 830 inest
2248 761 2622 848 significatio,

267 868 552 935 disertius
579 869 912 954 eloquatur,
942 870 1113 952 quale
1142 879 1236 935 est
1264 867 1565 955 γοᾶσθαι
1591 862 1766 955 γόον,
1796 904 1882 917 -
1909 868 2072 953 quod
2102 887 2291 952 genus
2321 869 2620 935 obiectum

269 973 573 1040 internum
600 974 897 1039 brevitatis
926 992 1103 1038 causa
1130 973 1428 1057 appellare
1453 974 1652 1039 licebit
1680 1009 1769 1021 —
1804 973 1950 1040 alter
1976 982 2177 1038 autem
2208 992 2337 1037 rem
2366 973 2643 1058 aliquam‘
2784 941 2794 949 ⁸

247 1063 576 1143 “externam
614 1077 907 1161 designet,
945 1077 1022 1142 ad
1061 1096 1242 1161 quam
1283 1077 1381 1141 illa
1419 1078 1573 1144 actio
1613 1078 1938 1161 pertingat,
1978 1076 2152 1161 quale
2188 1086 2282 1142 est
2318 1079 2621 1162 γοᾶσθαι

267 1177 386 1247 τὸν
428 1172 669 1267 ανδρα;
706 1189 962 1265 utroque
999 1191 1198 1247 autem
1246 1181 1476 1246 obiecto
1521 1181 1802 1247 adiuncto
1848 1181 1980 1246 talis
2023 1180 2313 1266 quaedam
2349 1170 2621 1265 loquuti'e

270 1283 483 1350 existet
519 1280 809 1364 πολλοὺς
851 1280 1051 1377 γόους
1091 1281 1211 1351 τὸν
1255 1276 1468 1374 ι’ίνδρα
1508 1305 1632 1352 σου
1677 1279 1998 1374 γοωμένη.
2065 1286 2202 1350 Sam
2240 1300 2394 1351 vero
2420 1295 2627 1370 potest

269 1391 424 1466 fieri,
464 1400 524 1455 et
559 1392 626 1456 fit
663 1408 791 1457 non
829 1409 994 1467 raro,
1034 1400 1100 1456 ut
1137 1391 1353 1456 interni
1393 1391 1607 1455 obiecti
1643 1392 1778 1457 loco
1820 1409 1947 1456 non
1984 1391 2047 1455 id
2090 1409 2315 1455 nomen
2343 1399 2626 1475 ponatur,

268 1494 432 1577 quod
460 1496 830 1561 eiusdemac
859 1495 1108 1560 verbum
1136 1497 1341 1580 ipsum
1383 1495 1591 1579 stirpis
1620 1497 1728 1573 sit,
1758 1496 1865 1560 sed
1908 1495 2096 1572 aliud,
2126 1494 2399 1560 eiusdem
2428 1502 2627 1561 tamm

268 1607 373 1663 aut
398 1597 609 1663 similis
637 1600 1115 1682 significationis,
1157 1609 1218 1664 et
1257 1600 1422 1683 quod
1439 1594 1646 1684 ‘possit
1674 1619 1814 1665 cum
1842 1600 1943 1664 illo
1975 1599 2134 1665 salva
2163 1599 2459 1664 sententia
2485 1617 2626 1684 per·

273 1704 504 1777 mutari,
523 1704 701 1768 veluti
731 1722 920 1787 quum
948 1723 1061 1788 pro
1095 1699 1295 1790 γόους
1323 1706 1636 1791 γοᾶσθαι
1666 1706 1897 1770 dicatur
1925 1694 2271 1789 ὀδύρματα
2299 1699 2626 1789 γοᾶσθάι,

267 1807 775 1890 quemadmodum
812 1828 847 1873 a
883 1808 1182 1892 Sophocle
1220 1811 1441 1874 factum
1480 1817 1591 1874 est.
1680 1809 1768 1874 Ex
1809 1810 1929 1875 hoc
1965 1827 2180 1892 genere
2214 1816 2465 1892 apparet
2490 1826 2628 1873 csse

269 1913 537 1976 παιᾶνα
562 1901 857 1995 ὖμνοῦσα
874 1907 993 1979 τὸν
1013 1908 1298 1991 Adrum
1319 1907 1514 1998 γόνον
1541 1934 1640 1998 ap.
1661 1913 1867 1997 Eurip.
1892 1913 2125 1978 Hercul.
2155 1914 2222 1977 F.
2248 1912 2395 1978 683.
2426 1905 2628 1978 ἕπευ-

269 2010 630 2105 φήμησατε
667 2014 936 2082 παιᾶνα
978 2013 1159 2096 Διὸς
1197 2011 1404 2103 κόραν
1451 2019 1583 2102 lph.
1628 2019 1758 2083 Aul.
1817 2018 2000 2083 1468.
2062 2012 2303 2105 λιγυρὰ
2340 2007 2414 2081 δ’
2460 2005 2629 2098 ὄχεα

267 2116 404 2208 βοᾷ
429 2115 549 2186 τὸν
573 2115 924 2206 προδόταν
941 2121 1093 2186 Med.
1115 2121 1261 2200 208,
1287 2121 1514 2206 aliaque
1541 2122 1730 2187 multa
1749 2140 2011 2206 quorum
2038 2121 2192 2186 ratio
2222 2140 2348 2187 non
2379 2120 2632 2186 obscura

269 2233 377 2289 est.
417 2258 506 2272 —-
543 2224 678 2290 Jam
717 2236 783 2291 ut
820 2227 894 2291 ad
934 2237 1212 2291 nostrum
1253 2226 1498 2292 Medeae
1536 2228 1738 2291 locum
1777 2235 2166 2303 revertamur,
2216 2225 2627 2309 loquutionem

267 2328 447 2394 istam
475 2330 718 2415 μοῖραν
754 2321 973 2411 ἴσχειν
1014 2317 1310 2418 ἷίδακρυν
1353 2325 1565 2420 φόνον
1595 2333 1682 2397 ad
1725 2333 1846 2396 hoc
1883 2330 2215 2396 secundum
2241 2349 2435 2413 genus
2462 2331 2624 2396 nullo

266 2435 451 2499 modo
490 2435 791 2519 pertinere
827 2437 1212 2501 manifestum
1246 2447 1365 2516 est3
1405 2437 1725 2503 videndum
1763 2436 1946 2520 igitur
1980 2436 2121 2513 erit,
2172 2454 2320 2501 num
2361 2439 2513 2501 t'orte
2552 2437 2627 2502 ad

265 2539 531 2622 primum
561 2549 752 2623 genus
780 2542 1096 2623 pertineat.
1156 2542 1244 2607 Ex
1271 2542 1406 2606 hoc'
1420 2551 1617 2606 autem
1649 2560 1864 2624 genere
1892 2541 2058 2606 illum
2089 2541 2330 2625 quidem
2358 2540 2628 2625 Aeschyli

265 2644 498 2720 locum,
551 2663 728 2728 quem
775 2645 1156 2711 Hermannus
1204 2646 1516 2729 aptissime
1562 2647 1896 2728 comparari
1932 2664 2118 2729 posse
2156 2645 2321 2721 dicit,
2370 2664 2627 2727 prorsus

265 2749 520 2813 alienum
551 2767 686 2813 esse
714 2749 930 2815 iudico.
963 2751 1162 2844 ‘Apud
1194 2751 1546 2833 Aeschylum
1588 2749 1750 2815 enim
1780 2771 1814 2813 e
1853 2748 2047 2813 verbis
2078 2751 2316 2837 ψῆφον
2355 2742 2627 2814 θέσθαι

265 2853 513 2936 emergit
540 2854 709 2919 notio
740 2855 902 2919 verbi
929 2848 1399 2942 ψηφίζεσθαιε
1432 2854 1537 2919 sed
1565 2874 1638 2918 ex
1666 2854 1910 2939 μοῖραν
1928 2845 2147 2936 ἴσχειν
2168 2852 2357 2936 qualis
2386 2853 2629 2918 tandem

264 2958 515 3023 actionis
544 2958 885 3024 transitivae
916 2960 1085 3023 notio
1113 2978 1422 3043 emergere
1450 2961 1670 3043 possit,
1701 2958 1794 3023 cui
1822 2958 2193 3023 accusativus
2218 2950 2434 3045 φόνον
2468 2965 2628 3021 recte

266 3060 669 3146 adiungatur?
725 3062 953 3147 Nempe
979 3082 1106 3128 non
1137 3065 1339 3128 solum
1365 3065 1611 3149 μοῖραν
1637 3055 1857 3144 ἴσχειν
1882 3064 2008 3127 sed
2052 3062 2294 3148 μοῖραν
2332 3051 2631 3148 ἄδακρυν

266 3158 486 3249 ἴσχειν
530 3167 1033 3233 considerandum
1064 3178 1187 3244 est,
1228 3176 1296 3233 ιιι
1334 3168 1492 3251 apud
1537 3168 1729 3252 Soph.
1767 3168 1982 3233 Electr.
2020 3185 2148 3231 non
2182 3165 2383 3230 solum
2412 3154 2630 3251 προῦ-

268 3290 430 3359 στην
457 3263 607 3356 χερί
625 3261 1023 3360 ωδλιπαρεῖ
1037 3261 1382 3359 προῦστην
1405 3265 1568 3357 χερί.
1589 3273 1998 3356 Atplurimum
2018 3281 2219 3336 tamen
2230 3270 2383 3334 inter
2393 3267 2628 3333 uti-ius·

268 3394 384 3458 que
401 3375 773 3459 loquutionis
791 3372 1085 3442 rationem
1102 3376 1393 3441 interesse
1420 3376 1704 3442 arbitror:
1744 3362 2086 3459 nam'quum
2098 3376 2286 3440 dativi
2305 3373 2387 3438 illi
2413 3369 2629 3438 λιπα-

265 3479 370 3564 ρεῒ
377 3474 556 3567 χειρὶ
572 3479 1018 3562 quodammodo
1034 3480 1291 3546 adverbii
1311 3481 1437 3546 vice
1449 3480 2372 3565 iunganturverhiquenotionem
2386 3478 2466 3543 ita
2473 3486 2629 3542 tem·

269 3583 853 3667 perent,·utaheatin
885 3586 1172 3650 transitivi
1200 3583 1518 3673 λιπαρεῖν
1545 3586 2057 3669 significationem,
2086 3595 2294 3650 contra
2323 3585 2388 3649 in
2414 3576 2633 3666 ἴσχειν

266 3689 510 3774 μοῖραν
528 3678 839 3775 ὄὶδαιιρυν,
861 3689 1130 3755 cohibere
1149 3701 1369 3755 sortem
1385 3702 1687 3774 expertem
1706 3690 2100 3755 lacrimarum
2113 3690 2237 3755 hoc
2256 3690 2441 3754 inest:
2467 3686 2629 3754 coh·-

270 3792 792 3858 bereaortenutn‘t
805 3793 1206 3860 lacrimarum
1223 3814 1454 3879 expers,
1465 3795 1556 3858 vel
1575 3796 2079 3878 quemadmodum
2106 3794 2484 3859 Hermannus
2494 3793 2632 3875 ipse

267 3896 520 3980 explicat
545 3887 762 3976 ἴσχειν
783 3895 901 3984 τὴν
928 3900 1172 3985 μοῖραν
1198 3891 1372 3964 ὥστε
1403 3889 1695 3986 ἄδακρυν
1722 3887 1919 3979 εἶναι,
1949 3900 2358 3981 indicaturque
2385 3897 2629 3961 effectus

266 4000 435 4065 verbi
445 3991 1119 4083 foxumheindicatur
1142 4003 1333 4087 qualis
1353 4005 1458 4069 fiat
1474 4022 1872 4086 sorspeream
1892 3991 2631 4083 actionem,quam'loxsw

267 4104 517 4170 verbum
545 4104 785 4170 indicat.
846 4107 1080 4183 Quodsi
1103 4109 1164 4173 in
1194 4110 1306 4174 hac
1327 4108 1608 4193 qualitate
1628 4108 1787 4171 inest
1805 4107 1975 4171 notio
1999 4105 2254 4171 actionis
2274 4105 2632 4182 transitivae,

273 4212 366 4273 cui
395 4209 697 4275 obiectum
737 4214 1074 4276 accusativo
1116 4233 1257 4278 casu
1285 4213 1526 4295 adiungi
1549 4211 1781 4295 possit,
1822 4220 2069 4295 apparet
2104 4219 2311 4274 tamen
2339 4209 2505 4274 hunc
2526 4228 2630 4274 ac-

276 4314 629 4393 cusativnm,
660 4315 718 4379 si
756 4315 1137 4398 adiungatur,
1173 4318 1341 4382 nullo
1380 4317 1569 4382 modo
1620 4315 1883 4412 pendere
1930 4335 1969 4379 a
2007 4313 2169 4379 verbi
2206 4313 2454 4378 notione
2478 4313 2628 4378 sub·

2677 3695 2740 3747 14
