3102 4866
1425 343 1516 410 6⁷

301 524 588 620 reponunt,
610 536 992 619 aptissimum
1012 536 1086 600 'ad
1107 535 1226 600 loci
1245 530 1598 600 sententiam
1611 533 2047 615 probatumque
2068 518 2652 617 proptu-cahiebeiio

296 660 367 722 p.
404 640 554 720 109,
565 639 843 706 lacobsio
873 639 1111 707 Antbol.
1140 638 1170 704 1
1195 659 1256 723 p.
1288 637 1391 715 43,
1424 635 1759 703 Gaisfordio
1789 636 1957 702 Poet.
2002 635 2106 703 Gr.
2136 638 2282 703 min.
2331 636 2362 701 1
2398 656 2461 721 p.
2492 635 2655 713 295·

16 804 19 867 l
299 743 706 828 improbatum
761 754 959 810 autem
1003 742 1373 809 Mehlhornio
1423 741 1738 825 nobisque.
1825 741 2028 827 Neque
2073 744 2240 808 enim
2289 740 2416 806 veri
2465 739 2659 806 simile

108 916 112 920 .
304 847 535 913 uidetur
562 849 948 914 notissimum
973 849 1220 914 verbum
1249 855 1310 912 et
1336 845 1751 931 planissimum
1782 846 1902 911 hoc
1936 846 2118 911 loco
2099 866 2162 911 ιιι
2192 848 2375 912 istum
2407 845 2658 910 modum

305 972 339 1017 a
360 952 641 1018 librariis
635 952 952 1036 corrumpi
974 953 1265 1036 potuisse.
1326 950 1504 1029 Quod
1534 959 1731 1015 autem
1760 949 2124 1015 Abreschius
2146 951 2362 1016 Dilucc.
2392 949 2659 1034 Thucyd-

305 1052 365 1141 ᾗ).
400 1057 527 1122 716
552 1057 1001 1122 reeca-ibendum
1027 1057 1261 1121 censuit
1286 1051 1405 1121 καὶ
1446 1047 1604 1139 βίου
1645 1048 1862 1142 χρήμῃ
1892 1038 2251 1133 πλανᾶται,
2279 1054 2658 1137 repudiatum
2692 1066 2730 1120 4

305 1169 397 1224 est
421 1180 458 1225 a
485 1161 601 1225 VV.
632 1161 751 1226 m).
794 1179 922 1224 non
961 1161 1135 1226 aliam
1183 1160 1262 1225 ob
1307 1178 1573 1236 causam,
1627 1178 1807 1241 quam
1854 1160 1990 1241 quia
2027 1157 2379 1223 vocabulum
2415 1156 2667 1222 rarioris

306 1283 449 1329 usus
480 1272 542 1329 et
568 1264 725 1329 nulla
752 1263 1142 1328 classicorum
1171 1264 1536 1370 scriptorum
1559 1263 1907 1328 auctoritate
1929 1262 2225 1327 munitum
2247 1261 2480 1329 admitti
2503 1262 2664 1345 apud

304 1367 723 1435 Archilochum
753 1386 879 1433 non
908 1387 1107 1452 posse
1115 1376 1461 1434 censerent:
1484 1368 1655 1432 cuius
1678 1366 1879 1431 iudicii
1907 1367 2084 1432 nobis
2108 1367 2350 1450 quidem
2371 1366 2664 1431 rationem

303 1471 526 1538 nullam
556 1473 701 1538 satis
728 1472 1008 1537 idoneam
1032 1471 1321 1537 habuisse
1347 1471 1638 1549 videntur,
1666 1471 1786 1536 nisi
1815 1474 1970 1535 forte
1996 1470 2187 1535 nihil
2171 1488 2237 1534 ιιι
2264 1470 2361 1535 his
2387 1479 2665 1536 vetusto·

305 1594 440 1641 rum
464 1587 785 1661 poetarum
814 1576 1160 1659 fragmentis
1190 1575 1567 1659 probandum
1595 1586 1711 1652 est,
1745 1576 1915 1640 cuius
1942 1592 2070 1640 non
2102 1575 2279 1640 etiam
2324 1576 2484 1659 apud
2511 1575 2664 1641 alios

305 1699 431 1746 non
468 1682 673 1746 minus
722 1689 953 1745 veteres
998 1679 1270 1763 exempla
1319 1680 1722 1745 demonstrari
1759 1691 2036 1763 possunt.
2134 1680 2273 1745 Non
2308 1688 2470 1745 extat
2518 1698 2665 1745 sane

301 1806 515 1873 mun
558 1784 914 1850 vocabulum
941 1785 1059 1850 nisi
1092 1785 1252 1867 apud
1284 1803 1471 1849 unum
1518 1795 1915 1868 personatum
1945 1783 2315 1849 Herodotum
2351 1784 2454 1849 vit.
2484 1783 2663 1850 nom.

305 1909 356 1953 c.
414 1889 522 1954 13:
589 1886 723 1954 τῶν
771 1884 1180 1971 βουλευτέων
1240 1882 1362 1953 ἕνα
1413 1882 1690 1973 λέγεται
1741 1882 2241 1975 ἐναντιωθῆναι
2290 1883 2410 2009 tij-
2439 1882 2664 1978 χρήμῃ
2788 1970 2796 1977 .

303 1982 539 2074 αὐτοῦ,
591 1993 855 2103 itemque
910 2012 1037 2075 cap.
1096 1994 1204 2056 14:
1262 1989 1422 2069 τοὺς
1470 1986 2004 2070 ἐναντιωθέντας
2041 1987 2284 2076 λογους
2319 1989 2410 2082 τῇ
2445 1989 2666 2081 χρήμῃ

302 2087 528 2182 αὐτοῦ,
572 2094 751 2180 quein
780 2097 981 2162 locum
1011 2096 1230 2161 Suidas
1259 2096 1525 2161 excitans
1555 2091 1809 2183 χρήμην
1827 2097 2252 2179 interpretatur
2278 2089 2507 2185 χρείαν
2539 2093 2669 2162 καὶ

300 2189 579 2262 autina:
622 2218 746 2264 non
787 2210 1019 2265 autem
1034 2201 1314 2265 adducor
1336 2210 1405 2265 ut
1440 2200 1678 2265 credam
1710 2201 2070 2283 scriptorem
2110 2200 2327 2276 istum,
2367 2219 2555 2283 quum
2587 2219 2666 2265 ae

298 2301 672 2368 Herodotum
703 2305 980 2370 simulare
1008 2303 1203 2382 vellet,
1233 2304 1518 2370 vocabulo
1547 2323 1803 2369 usurum
1827 2304 2035 2379 luisse,
2065 2305 2232 2388 quod
2264 2323 2390 2371 non
2423 2314 2671 2370 certa-et

303 2415 535 2473 vetusta
555 2410 911 2476 auctoritate
938 2408 1259 2493 probatum
1291 2419 1467 2475 esset.
1528 2408 1707 2486 Quod
1738 2418 1938 2474 autem
1969 2408 2212 2484 Suidas,
2243 2410 2450 2487 antis,
2485 2428 2668 2495 quem

308 2512 524 2577 Suidas
550 2514 910 2598 compilavit,
936 2515 1101 2579 illum
1131 2532 1322 2578 unum
1351 2522 1566 2578 testem
1596 2513 1760 2590 citat,
1778 2514 1964 2579 nolim
1995 2513 2134 2578 inde
2150 2513 2348 2598 colligi
2367 2534 2670 2597 nusquam

307 2615 441 2680 alibi
462 2618 583 2681 hoc
610 2618 961 2683 vocabulum
993 2618 1066 2684 ab
1096 2639 1167 2683 eo
1200 2618 1507 2682 inventum
1537 2637 1690 2683 esse.
1762 2618 2036 2683 Primum
2061 2619 2224 2683 enim
2253 2638 2439 2703 quum
2469 2601 2667 2704 scripss

305 2729 500 2785 torem
532 2721 697 2785 illum
720 2723 881 2786 haud
913 2723 1091 2787 dubie
1118 2722 1487 2787 Herodotum
1517 2724 1722 2806 ipsum
1743 2741 1878 2786 esse
1899 2722 2181 2800 crederet,
2212 2723 2354 2806 quid
2377 2742 2535 2807 opus
2558 2724 2672 2788 ruit

306 2844 429 2890 uno
478 2834 636 2890 teste
676 2827 1173 2910 locupletissimo>
1197 2827 1373 2891 citato
1416 2825 1597 2891 etiam
1637 2826 1789 2890 alios
1831 2825 2095 2891 addere?
2145 2826 2284 2891 dein
2319 2847 2400 2892 ne
2430 2835 2667 2893 certum

309 2929 550 3012 quidem
586 2939 707 3009 est,
743 2932 972 2996 nullum
1010 2940 1314 3015 praeterea
1361 2930 1603 2995 allatum
1643 2950 1796 2995 esse.
1884 2930 2035 2995 Nam
2078 2932 2368 2997 excidisse
2393 2921 2674 2996 nonnihil

309 3042 451 3115 post
501 3034 596 3099 illa
642 3037 951 3119 personati
999 3035 1289 3100 Herodoti
1337 3035 1514 3100 verba
1558 3035 1767 3118 ipsum
1817 3034 2036 3099 Suidae
2081 3036 2282 3100 locum
2321 3035 2672 3119 inspicienti

309 3138 686 3203 manifestum
739 3141 869 3204 flet:
923 3148 983 3204 et
1031 3160 1216 3224 quum
1267 3133 1523 3227 χρήμην
1573 3158 1683 3222 per
1730 3131 1957 3226 χρείαν
2007 3149 2066 3203 et
2105 3135 2358 3205 σπάνιν
2400 3140 2667 3223 explicet,

312 3242 553 3307 alteram
596 3253 754 3308 certe
790 3244 1245 3327 explicationem
1272 3265 1351 3309 ex
1381 3243 1669 3308 Herodoti
1706 3244 1841 3307 loco
1872 3243 2112 3307 haurire
2155 3263 2280 3308 non
2317 3245 2549 3327 potuit:
2588 3243 2669 3308 ibi

312 3346 470 3410 enim
508 3342 725 3436 χρήμη
746 3352 1089 3431 petitionem
1116 3347 1435 3431 significat:
1460 3348 1577 3412 sed
1607 3347 1844 3412 aliunde
1873 3350 2171 3431 cognitam
2191 3349 2417 3413 habere
2446 3347 2669 3413 debuit.

166 3483 173 3492 ν
308 3447 482 3514 Nulla
520 3450 701 3533 igitur
750 3471 927 3517 causa
968 3473 1113 3518 esse
1163 3453 1422 3530 videtur,
1468 3472 1580 3516 cur
1619 3452 1763 3516 illud
1814 3451 2172 3517 vocabulum
2210 3452 2285 3516 ab
2314 3453 2670 3518 Archilocho

312 3565 667 3637 usurpatum
692 3575 836 3620 esse
869 3575 1191 3639 negemus;
1236 3576 1428 3640 quum
1467 3557 1822 3640 praesertim
1864 3557 2111 3621 totidem
2151 3557 2324 3640 plane
2359 3557 2570 3621 litteris
2609 3558 2675 3620 in

314 3658 617 3723 codicibus
632 3659 932 3744 scriptum
954 3669 1130 3738 extet,
1156 3681 1522 3746 quamquam
1544 3662 1607 3725 in
1628 3662 1775 3726 duas
1799 3662 2039 3726 voculas
2061 3661 2443 3726 librariorum
2468 3679 2674 3726 enom

256 3789 260 3793 Α
314 3763 698 3846 diremptum.
787 3765 915 3829 Erit
963 3766 1141 3848 igitur
1191 3759 1349 3850 βίου
1390 3759 1606 3853 χρήμη
1658 3770 1845 3830 victus
1892 3767 2244 3849 indigentia:
2293 3774 2477 3849 atque
2524 3766 2676 3830 haec

313 3867 558 3952 propria
596 3876 692 3932 est
729 3868 993 3934 vocabuli
1041 3865 1258 3957 χρήμη
1313 3870 1698 3953 significatio,
1737 3870 1899 3934 unde
1938 3871 2116 3934 altera
2153 3870 2279 3947 illa,
2313 3889 2469 3953 quae
2513 3868 2673 3951 apud

312 3971 960 4038 Pseudo—Herodotum
974 3983 1095 4050 est,
1117 3975 1391 4039 facillime
1411 3975 1602 4048 fluxit,
1619 3974 2131 4058 quemadmodum
2157 3974 2334 4064 etiam
2351 3981 2670 4056 cognatm

312 4076 663 4142 vocabulum
711 4069 903 4160 χρεία
952 4097 1078 4142 ιιοιι
1126 4079 1315 4143 modo
1373 4075 1498 4166 τὴν
1541 4069 1827 4156 ἔνδειαν,
1885 4079 1991 4143 sed
2039 4078 2216 4142 etiam
2261 4072 2388 4163 τήν
2441 4070 2669 4164 δέησιν
2740 4127 2751 4136 .

314 4180 622 4264 significat.
684 4179 978 4265 ..Thucyd
999 4182 1043 4258 1,
1073 4181 1176 4247 37.
1236 4183 1538 4273 Plutarch.
1565 4185 1767 4249 Crass
1803 4184 1902 4248 12.
1965 4182 2144 4258 Quod
2173 4190 2374 4245 autem
2405 4181 2667 4245 dativum
2753 4255 2758 4262 ,

310 4285 675 4352 Aboeschius
703 4287 962 4370 reponit,
989 4289 1365 4355 necessarius
1393 4307 1540 4354 sane
1569 4297 1663 4356 est
1685 4289 1793 4352 bic
1821 4306 2012 4362 casus,
2047 4286 2101 4350 si
2137 4286 2432 4369 reliquum
2467 4286 2672 4352 lecum

313 4389 725 4474 incorruptum
751 4412 894 4457 cese
920 4401 1176 4471 amnas,
1204 4413 1402 4477 neque
1423 4414 1546 4459 nos
1576 4394 1638 4457 id
1675 4393 1753 4458 ita
1783 4412 1932 4457 esse
1965 4390 2360 4473 negabimus,
2389 4391 2669 4476 quando-

2164 4497 2206 4563 5
2229 4497 2262 4531 ξ
