<?xml version="1.0" encoding="UTF-8"?>
<!DOCTYPE html PUBLIC "-//W3C//DTD XHTML 1.0 Transitional//EN"
    "http://www.w3.org/TR/xhtml1/DTD/xhtml1-transitional.dtd">
<html xmlns="http://www.w3.org/1999/xhtml" xml:lang="en" lang="en">
 <head>
  <title>
</title>
<meta http-equiv="Content-Type" content="text/html;charset=utf-8" />
  <meta name='ocr-system' content='tesseract 3.04.00' />
  <meta name='ocr-capabilities' content='ocr_page ocr_carea ocr_par ocr_line ocrx_word'/>
</head>
<body>
  <div class='ocr_page' id='page_1' title='image "./opusculaacademi04schgoog_0190.png"; bbox 0 0 3102 4866; ppageno 0'>
   <div class='ocr_carea' id='block_1_1' title="bbox 1574 284 1779 355">
    <p class='ocr_par' dir='ltr' id='par_1_1' title="bbox 1574 284 1779 355">
     <span class='ocr_line' id='line_1_1' title="bbox 1574 284 1779 355; baseline -0.034 0"><span class='ocrx_word' id='word_1_1' title='bbox 1574 284 1779 355; x_wconf 84' lang='lat'>180.</span> 
     </span>
    </p>
   </div>
   <div class='ocr_carea' id='block_1_2' title="bbox 1421 377 1831 396">
    <p class='ocr_par' dir='ltr' id='par_1_2' title="bbox 1421 377 1831 396">
     <span class='ocr_line' id='line_1_2' title="bbox 1421 377 1831 396; baseline 0 0"><span class='ocrx_word' id='word_1_2' title='bbox 1421 377 1831 396; x_wconf 95' lang='lat' dir='ltr'> </span> 
     </span>
    </p>
   </div>
   <div class='ocr_carea' id='block_1_3' title="bbox 353 465 2822 4392">
    <p class='ocr_par' dir='ltr' id='par_1_3' title="bbox 437 465 2811 1080">
     <span class='ocr_line' id='line_1_3' title="bbox 446 465 2811 564; baseline -0.002 -19"><span class='ocrx_word' id='word_1_3' title='bbox 446 479 679 563; x_wconf 72' lang='lat' dir='ltr'>protasi</span> <span class='ocrx_word' id='word_1_4' title='bbox 709 479 996 564; x_wconf 87' lang='lat' dir='ltr'>apodosis</span> <span class='ocrx_word' id='word_1_5' title='bbox 1027 497 1156 543; x_wconf 82' lang='lat' dir='ltr'>sna.</span> <span class='ocrx_word' id='word_1_6' title='bbox 1243 478 1392 543; x_wconf 85' lang='lat' dir='ltr'>Nam</span> <span class='ocrx_word' id='word_1_7' title='bbox 1417 479 1687 563; x_wconf 87' lang='lat' dir='ltr'>sequitur</span> <span class='ocrx_word' id='word_1_8' title='bbox 1712 479 1858 543; x_wconf 85' lang='lat' dir='ltr'>nihil</span> <span class='ocrx_word' id='word_1_9' title='bbox 1885 477 2001 542; x_wconf 90' lang='lat' dir='ltr'>nisi</span> <span class='ocrx_word' id='word_1_10' title='bbox 2027 476 2174 540; x_wconf 84' lang='lat' dir='ltr'>hoe:</span> <span class='ocrx_word' id='word_1_11' title='bbox 2214 469 2574 559; x_wconf 69' lang='grc' dir='ltr'><strong><em>πεύθομαι</em></strong></span> <span class='ocrx_word' id='word_1_12' title='bbox 2620 465 2811 540; x_wconf 77' lang='lat' dir='ltr'>d’a&#39;rc&#39;</span> 
     </span>
     <span class='ocr_line' id='line_1_4' title="bbox 447 573 2807 668; baseline -0.002 -19"><span class='ocrx_word' id='word_1_13' title='bbox 447 573 772 668; x_wconf 74' lang='grc' dir='ltr'><strong><em>ὀμμάτων</em></strong></span> <span class='ocrx_word' id='word_1_14' title='bbox 796 578 1033 649; x_wconf 82' lang='grc' dir='ltr'><strong><em>νόστον</em></strong></span> <span class='ocrx_word' id='word_1_15' title='bbox 1060 573 1481 668; x_wconf 66' lang='grc' dir='ltr'><strong><em>αὐτόμαρτυς</em></strong></span> <span class='ocrx_word' id='word_1_16' title='bbox 1509 573 1633 662; x_wconf 73' lang='grc' dir='ltr'><strong><em>ὤν,</em></strong></span> <span class='ocrx_word' id='word_1_17' title='bbox 1665 582 1826 666; x_wconf 86' lang='lat' dir='ltr'>quod</span> <span class='ocrx_word' id='word_1_18' title='bbox 1857 600 1969 666; x_wconf 88' lang='lat' dir='ltr'>pro</span> <span class='ocrx_word' id='word_1_19' title='bbox 1992 579 2247 663; x_wconf 83' lang='lat' dir='ltr'>apodosi</span> <span class='ocrx_word' id='word_1_20' title='bbox 2275 579 2514 645; x_wconf 87' lang='lat' dir='ltr'>illorum</span> <span class='ocrx_word' id='word_1_21' title='bbox 2536 582 2807 664; x_wconf 83' lang='lat' dir='ltr'>accipere</span> 
     </span>
     <span class='ocr_line' id='line_1_5' title="bbox 445 675 2804 771; baseline -0.002 -16"><span class='ocrx_word' id='word_1_22' title='bbox 445 708 626 755; x_wconf 89' lang='lat' dir='ltr'>nemo</span> <span class='ocrx_word' id='word_1_23' title='bbox 657 705 844 754; x_wconf 80' lang='lat' dir='ltr'>sanus</span> <span class='ocrx_word' id='word_1_24' title='bbox 873 687 1047 752; x_wconf 75' lang='lat' dir='ltr'>volet.</span> <span class='ocrx_word' id='word_1_25' title='bbox 1104 686 1284 751; x_wconf 85' lang='lat' dir='ltr'>Recte</span> <span class='ocrx_word' id='word_1_26' title='bbox 1311 685 1495 768; x_wconf 78' lang='lat' dir='ltr'>igitur</span> <span class='ocrx_word' id='word_1_27' title='bbox 1528 685 1909 750; x_wconf 80' lang='lat' dir='ltr'>Hermannus</span> <span class='ocrx_word' id='word_1_28' title='bbox 1946 683 2089 755; x_wconf 84' lang='lat' dir='ltr'>illud</span> <span class='ocrx_word' id='word_1_29' title='bbox 2124 676 2362 771; x_wconf 80' lang='grc' dir='ltr'><strong><em>χρόνος</em></strong></span> <span class='ocrx_word' id='word_1_30' title='bbox 2404 675 2626 750; x_wconf 72' lang='grc' dir='ltr'>δ’ἐπεί</span> <span class='ocrx_word' id='word_1_31' title='bbox 2664 703 2804 750; x_wconf 87' lang='lat' dir='ltr'>cor-</span> 
     </span>
     <span class='ocr_line' id='line_1_6' title="bbox 439 775 2805 878; baseline -0.002 -20"><span class='ocrx_word' id='word_1_32' title='bbox 439 801 687 878; x_wconf 87' lang='lat' dir='ltr'>ruptum</span> <span class='ocrx_word' id='word_1_33' title='bbox 717 811 853 857; x_wconf 78' lang='lat' dir='ltr'>esse</span> <span class='ocrx_word' id='word_1_34' title='bbox 880 790 1191 865; x_wconf 73' lang='lat' dir='ltr'>intellexit,</span> <span class='ocrx_word' id='word_1_35' title='bbox 1221 790 1608 874; x_wconf 75' lang='lat' dir='ltr'>reposuitque</span> <span class='ocrx_word' id='word_1_36' title='bbox 1642 775 1874 875; x_wconf 78' lang='grc' dir='ltr'><strong><em>χρόνος</em></strong></span> <span class='ocrx_word' id='word_1_37' title='bbox 1916 782 1996 854; x_wconf 77' lang='grc' dir='ltr'>δέ</span> <span class='ocrx_word' id='word_1_38' title='bbox 2036 807 2166 853; x_wconf 90' lang='grc' dir='ltr'>τοι.</span> <span class='ocrx_word' id='word_1_39' title='bbox 2254 786 2416 865; x_wconf 82' lang='lat' dir='ltr'>Hoc,</span> <span class='ocrx_word' id='word_1_40' title='bbox 2444 798 2514 853; x_wconf 89' lang='grc' dir='ltr'>ιιι</span> <span class='ocrx_word' id='word_1_41' title='bbox 2541 789 2805 854; x_wconf 86' lang='lat' dir='ltr'>maxime</span> 
     </span>
     <span class='ocr_line' id='line_1_7' title="bbox 440 890 2805 982; baseline -0.003 -19"><span class='ocrx_word' id='word_1_42' title='bbox 440 896 781 982; x_wconf 64' lang='lat' dir='ltr'>probabile,</span> <span class='ocrx_word' id='word_1_43' title='bbox 834 896 1190 979; x_wconf 84' lang='lat' dir='ltr'>accipimus·</span> <span class='ocrx_word' id='word_1_44' title='bbox 1242 893 1612 978; x_wconf 88' lang='lat' dir='ltr'>reliquorum</span> <span class='ocrx_word' id='word_1_45' title='bbox 1656 891 2023 969; x_wconf 70' lang='lat' dir='ltr'>emendatio,</span> <span class='ocrx_word' id='word_1_46' title='bbox 2065 911 2216 976; x_wconf 86' lang='lat' dir='ltr'>quae</span> <span class='ocrx_word' id='word_1_47' title='bbox 2254 890 2459 956; x_wconf 86' lang='lat' dir='ltr'>minus</span> <span class='ocrx_word' id='word_1_48' title='bbox 2507 910 2805 976; x_wconf 80' lang='lat' dir='ltr'>prospere</span> 
     </span>
     <span class='ocr_line' id='line_1_8' title="bbox 437 995 2800 1080; baseline -0.003 -12"><span class='ocrx_word' id='word_1_49' title='bbox 437 1000 569 1066; x_wconf 78' lang='lat' dir='ltr'>viro</span> <span class='ocrx_word' id='word_1_50' title='bbox 598 1019 841 1067; x_wconf 81' lang='lat' dir='ltr'>summo</span> <span class='ocrx_word' id='word_1_51' title='bbox 871 999 1194 1075; x_wconf 86' lang='lat' dir='ltr'>successit,</span> <span class='ocrx_word' id='word_1_52' title='bbox 1225 996 1399 1062; x_wconf 88' lang='lat' dir='ltr'>nohis</span> <span class='ocrx_word' id='word_1_53' title='bbox 1430 996 1519 1062; x_wconf 89' lang='lat' dir='ltr'>sic</span> <span class='ocrx_word' id='word_1_54' title='bbox 1545 996 1909 1080; x_wconf 78' lang='lat' dir='ltr'>perficienda</span> <span class='ocrx_word' id='word_1_55' title='bbox 1936 1014 2073 1061; x_wconf 84' lang='lat' dir='ltr'>esse</span> <span class='ocrx_word' id='word_1_56' title='bbox 2098 995 2345 1074; x_wconf 80' lang='lat' dir='ltr'>videtur,</span> <span class='ocrx_word' id='word_1_57' title='bbox 2370 1005 2440 1060; x_wconf 90' lang='lat' dir='ltr'>ut</span> <span class='ocrx_word' id='word_1_58' title='bbox 2465 995 2800 1061; x_wconf 71' lang='lat' dir='ltr'>scrib-mus</span> 
     </span>
    </p>

    <p class='ocr_par' dir='ltr' id='par_1_4' title="bbox 795 1092 2316 1193">
     <span class='ocr_line' id='line_1_9' title="bbox 795 1092 2316 1193; baseline -0.004 -21.779"><span class='ocrx_word' id='word_1_59' title='bbox 795 1098 1087 1193; x_wconf 73' lang='grc' dir='ltr'><strong><em>χρόνος</em></strong></span> <span class='ocrx_word' id='word_1_60' title='bbox 1130 1096 1212 1169; x_wconf 77' lang='grc' dir='ltr'>δέ</span> <span class='ocrx_word' id='word_1_61' title='bbox 1249 1121 1364 1167; x_wconf 89' lang='grc' dir='ltr'>τοι</span> <span class='ocrx_word' id='word_1_62' title='bbox 1406 1092 1851 1188; x_wconf 69' lang='grc' dir='ltr'>πρυμνησίων»</span> <span class='ocrx_word' id='word_1_63' title='bbox 1881 1095 2316 1184; x_wconf 68' lang='grc' dir='ltr'><strong><em>ξυνεμβολαῖς</em></strong></span> 
     </span>
    </p>

    <p class='ocr_par' dir='ltr' id='par_1_5' title="bbox 797 1189 2585 1295">
     <span class='ocr_line' id='line_1_10' title="bbox 797 1189 2585 1295; baseline -0.002 -21.894"><span class='ocrx_word' id='word_1_64' title='bbox 797 1203 1173 1295; x_wconf 79' lang='grc' dir='ltr'><strong><em>-ψαμμιᾶν</em></strong></span> <span class='ocrx_word' id='word_1_65' title='bbox 1213 1195 1480 1287; x_wconf 74' lang='grc' dir='ltr'><strong><em>ἀκάτων</em></strong></span> <span class='ocrx_word' id='word_1_66' title='bbox 1519 1198 1931 1292; x_wconf 76' lang='grc' dir='ltr'><strong><em>παρήβησεν,</em></strong></span> <span class='ocrx_word' id='word_1_67' title='bbox 1978 1222 2024 1267; x_wconf 94' lang='grc' dir='ltr'>α</span> <span class='ocrx_word' id='word_1_68' title='bbox 2021 1189 2169 1268; x_wconf 73' lang='grc' dir='ltr'><strong><em>ἴσθ’</em></strong></span> <span class='ocrx_word' id='word_1_69' title='bbox 2213 1195 2359 1269; x_wconf 59' lang='grc' dir='ltr'>ὑπ’</span> <span class='ocrx_word' id='word_1_70' title='bbox 2372 1195 2585 1269; x_wconf 65' lang='lat' dir='ltr'>‘Reor</span> 
     </span>
    </p>

    <p class='ocr_par' dir='ltr' id='par_1_6' title="bbox 353 1298 2822 3472">
     <span class='ocr_line' id='line_1_11' title="bbox 801 1298 2057 1398; baseline -0.002 -21.883"><span class='ocrx_word' id='word_1_71' title='bbox 801 1298 1025 1398; x_wconf 77' lang='grc' dir='ltr'><strong><em>ὦρτο</em></strong></span> <span class='ocrx_word' id='word_1_72' title='bbox 1065 1302 1403 1395; x_wconf 78' lang='grc' dir='ltr'><strong><em>ναυβάτας</em></strong></span> <span class='ocrx_word' id='word_1_73' title='bbox 1445 1304 2057 1396; x_wconf 82' lang='grc' dir='ltr'><strong><em>στρατός..</em></strong></span> 
     </span>
     <span class='ocr_line' id='line_1_12' title="bbox 437 1410 2797 1502; baseline 0 -27"><span class='ocrx_word' id='word_1_74' title='bbox 437 1414 696 1480; x_wconf 77' lang='lat' dir='ltr'>Verbmn</span> <span class='ocrx_word' id='word_1_75' title='bbox 736 1410 1054 1502; x_wconf 81' lang='grc' dir='ltr'><strong><em>παρηβᾶν</em></strong></span> <span class='ocrx_word' id='word_1_76' title='bbox 1079 1414 1217 1479; x_wconf 88' lang='lat' dir='ltr'>licet</span> <span class='ocrx_word' id='word_1_77' title='bbox 1242 1412 1595 1477; x_wconf 79' lang='lat' dir='ltr'>insolentius</span> <span class='ocrx_word' id='word_1_78' title='bbox 1623 1431 1752 1478; x_wconf 91' lang='lat' dir='ltr'>non</span> <span class='ocrx_word' id='word_1_79' title='bbox 1778 1420 1979 1476; x_wconf 86' lang='lat' dir='ltr'>tamen</span> <span class='ocrx_word' id='word_1_80' title='bbox 2017 1412 2405 1477; x_wconf 91' lang='lat' dir='ltr'>incommode</span> <span class='ocrx_word' id='word_1_81' title='bbox 2432 1419 2797 1494; x_wconf 82' lang='lat' dir='ltr'>usurpatum</span> 
     </span>
     <span class='ocr_line' id='line_1_13' title="bbox 437 1500 2796 1615; baseline -0.002 -30"><span class='ocrx_word' id='word_1_82' title='bbox 437 1527 530 1585; x_wconf 84' lang='lat' dir='ltr'>est</span> <span class='ocrx_word' id='word_1_83' title='bbox 557 1519 633 1584; x_wconf 89' lang='lat' dir='ltr'>de</span> <span class='ocrx_word' id='word_1_84' title='bbox 662 1528 932 1603; x_wconf 87' lang='lat' dir='ltr'>tempore</span> <span class='ocrx_word' id='word_1_85' title='bbox 960 1518 1132 1604; x_wconf 88' lang='lat' dir='ltr'>quasi</span> <span class='ocrx_word' id='word_1_86' title='bbox 1160 1500 1530 1584; x_wconf 76' lang='lat' dir='ltr'>exolescente</span> <span class='ocrx_word' id='word_1_87' title='bbox 1557 1527 1735 1602; x_wconf 86' lang='lat' dir='ltr'>atque</span> <span class='ocrx_word' id='word_1_88' title='bbox 1766 1524 2254 1583; x_wconf 73' lang='lat' dir='ltr'>consenescente.</span> <span class='ocrx_word' id='word_1_89' title='bbox 2320 1514 2472 1580; x_wconf 81' lang='lat' dir='ltr'>Nam</span> <span class='ocrx_word' id='word_1_90' title='bbox 2502 1517 2796 1615; x_wconf 70' lang='lat' dir='ltr'>quemad-</span> 
     </span>
     <span class='ocr_line' id='line_1_14' title="bbox 436 1615 2791 1711; baseline -0.002 -23"><span class='ocrx_word' id='word_1_91' title='bbox 436 1621 685 1688; x_wconf 90' lang='lat' dir='ltr'>modum</span> <span class='ocrx_word' id='word_1_92' title='bbox 724 1632 784 1686; x_wconf 86' lang='lat' dir='ltr'>et</span> <span class='ocrx_word' id='word_1_93' title='bbox 823 1618 955 1703; x_wconf 83' lang='grc' dir='ltr'><strong><em>ζων</em></strong></span> <span class='ocrx_word' id='word_1_94' title='bbox 988 1615 1225 1709; x_wconf 77' lang='grc' dir='ltr'><strong><em>χρόνος</em></strong></span> <span class='ocrx_word' id='word_1_95' title='bbox 1253 1622 1468 1689; x_wconf 90' lang='lat' dir='ltr'>dicitur</span> <span class='ocrx_word' id='word_1_96' title='bbox 1506 1635 1568 1689; x_wconf 86' lang='lat' dir='ltr'>et</span> <span class='ocrx_word' id='word_1_97' title='bbox 1602 1615 1979 1711; x_wconf 78' lang='grc' dir='ltr'><strong><em>γηράσκων,</em></strong></span> <span class='ocrx_word' id='word_1_98' title='bbox 2025 1620 2217 1705; x_wconf 84' lang='lat' dir='ltr'>Soph.</span> <span class='ocrx_word' id='word_1_99' title='bbox 2259 1618 2473 1684; x_wconf 86' lang='lat' dir='ltr'>Trach.</span> <span class='ocrx_word' id='word_1_100' title='bbox 2511 1637 2568 1683; x_wconf 79' lang='lat' dir='ltr'>v.</span> <span class='ocrx_word' id='word_1_101' title='bbox 2601 1618 2791 1684; x_wconf 81' lang='lat'>1159.</span> 
     </span>
     <span class='ocr_line' id='line_1_15' title="bbox 433 1710 2822 1811; baseline -0.002 -20"><span class='ocrx_word' id='word_1_102' title='bbox 433 1727 649 1791; x_wconf 67' lang='lat' dir='ltr'>Aeacii.</span> <span class='ocrx_word' id='word_1_103' title='bbox 677 1725 882 1791; x_wconf 86' lang='lat' dir='ltr'>Prom.</span> <span class='ocrx_word' id='word_1_104' title='bbox 913 1745 969 1788; x_wconf 76' lang='lat' dir='ltr'>v.</span> <span class='ocrx_word' id='word_1_105' title='bbox 1000 1725 1147 1792; x_wconf 80' lang='lat'>985.</span> <span class='ocrx_word' id='word_1_106' title='bbox 1234 1728 1412 1792; x_wconf 88' lang='lat' dir='ltr'>Eum.</span> <span class='ocrx_word' id='word_1_107' title='bbox 1448 1747 1502 1791; x_wconf 72' lang='grc' dir='ltr'>ν.</span> <span class='ocrx_word' id='word_1_108' title='bbox 1543 1726 1703 1804; x_wconf 82' lang='grc'><strong><em>283,</em></strong></span> <span class='ocrx_word' id='word_1_109' title='bbox 1744 1727 1950 1811; x_wconf 87' lang='lat' dir='ltr'>quidni</span> <span class='ocrx_word' id='word_1_110' title='bbox 1989 1725 2165 1790; x_wconf 63' lang='lat' dir='ltr'>edam</span> <span class='ocrx_word' id='word_1_111' title='bbox 2197 1715 2541 1805; x_wconf 73' lang='grc' dir='ltr'><strong><em>ἀκμάζων,</em></strong></span> <span class='ocrx_word' id='word_1_112' title='bbox 2586 1710 2822 1810; x_wconf 77' lang='grc' dir='ltr'><strong><em>ἡβῶν,</em></strong></span> 
     </span>
     <span class='ocr_line' id='line_1_16' title="bbox 431 1822 2791 1917; baseline -0 -24"><span class='ocrx_word' id='word_1_113' title='bbox 431 1822 885 1917; x_wconf 66' lang='grc' dir='ltr'><strong><em>παρηβήσαςῗ</em></strong></span> <span class='ocrx_word' id='word_1_114' title='bbox 940 1828 1103 1894; x_wconf 89' lang='lat' dir='ltr'>Bello</span> <span class='ocrx_word' id='word_1_115' title='bbox 1140 1830 1403 1896; x_wconf 86' lang='lat' dir='ltr'>Troiano</span> <span class='ocrx_word' id='word_1_116' title='bbox 1442 1838 1685 1912; x_wconf 87' lang='lat' dir='ltr'>tempus</span> <span class='ocrx_word' id='word_1_117' title='bbox 1729 1849 1907 1895; x_wconf 86' lang='lat' dir='ltr'>suum</span> <span class='ocrx_word' id='word_1_118' title='bbox 1945 1829 2057 1893; x_wconf 80' lang='lat' dir='ltr'>fuit</span> <span class='ocrx_word' id='word_1_119' title='bbox 2082 1828 2216 1892; x_wconf 75' lang='lat' dir='ltr'>fatis</span> <span class='ocrx_word' id='word_1_120' title='bbox 2253 1827 2645 1891; x_wconf 83' lang='lat' dir='ltr'>destinatum:</span> <span class='ocrx_word' id='word_1_121' title='bbox 2675 1828 2791 1892; x_wconf 88' lang='lat' dir='ltr'>ita-</span> 
     </span>
     <span class='ocr_line' id='line_1_17' title="bbox 433 1927 2790 2018; baseline -0.001 -20"><span class='ocrx_word' id='word_1_122' title='bbox 433 1952 553 2017; x_wconf 86' lang='lat' dir='ltr'>que</span> <span class='ocrx_word' id='word_1_123' title='bbox 577 1932 698 1998; x_wconf 78' lang='lat' dir='ltr'>luit</span> <span class='ocrx_word' id='word_1_124' title='bbox 716 1933 836 1998; x_wconf 87' lang='lat' dir='ltr'>hoc</span> <span class='ocrx_word' id='word_1_125' title='bbox 861 1942 1102 2018; x_wconf 86' lang='lat' dir='ltr'>tempus</span> <span class='ocrx_word' id='word_1_126' title='bbox 1128 1933 1282 1998; x_wconf 86' lang='lat' dir='ltr'>bello</span> <span class='ocrx_word' id='word_1_127' title='bbox 1313 1934 1486 2017; x_wconf 86' lang='lat' dir='ltr'>quasi</span> <span class='ocrx_word' id='word_1_128' title='bbox 1514 1934 1922 2016; x_wconf 77' lang='lat' dir='ltr'>congenitum,</span> <span class='ocrx_word' id='word_1_129' title='bbox 1950 1945 2021 1998; x_wconf 89' lang='lat' dir='ltr'>ut</span> <span class='ocrx_word' id='word_1_130' title='bbox 2040 1931 2372 2016; x_wconf 75' lang='grc' dir='ltr'><strong><em>συγγενεῖς</em></strong></span> <span class='ocrx_word' id='word_1_131' title='bbox 2398 1927 2603 2018; x_wconf 78' lang='grc' dir='ltr'><strong><em>μῆνες</em></strong></span> <span class='ocrx_word' id='word_1_132' title='bbox 2628 1932 2790 2015; x_wconf 79' lang='lat' dir='ltr'>apud</span> 
     </span>
     <span class='ocr_line' id='line_1_18' title="bbox 433 2030 2786 2121; baseline -0 -22"><span class='ocrx_word' id='word_1_133' title='bbox 433 2034 802 2119; x_wconf 76' lang='lat' dir='ltr'>Sophoclem</span> <span class='ocrx_word' id='word_1_134' title='bbox 830 2030 1133 2112; x_wconf 77' lang='lat' dir='ltr'>dicuntur,</span> <span class='ocrx_word' id='word_1_135' title='bbox 1179 2037 1256 2102; x_wconf 90' lang='lat' dir='ltr'>de</span> <span class='ocrx_word' id='word_1_136' title='bbox 1293 2037 1513 2120; x_wconf 87' lang='lat' dir='ltr'>quibus</span> <span class='ocrx_word' id='word_1_137' title='bbox 1557 2055 1741 2121; x_wconf 86' lang='lat' dir='ltr'>supra</span> <span class='ocrx_word' id='word_1_138' title='bbox 1770 2037 1996 2102; x_wconf 85' lang='lat' dir='ltr'>dictum</span> <span class='ocrx_word' id='word_1_139' title='bbox 2047 2044 2167 2112; x_wconf 87' lang='lat' dir='ltr'>est,</span> <span class='ocrx_word' id='word_1_140' title='bbox 2206 2043 2269 2099; x_wconf 86' lang='lat' dir='ltr'>et</span> <span class='ocrx_word' id='word_1_141' title='bbox 2309 2052 2427 2098; x_wconf 85' lang='lat' dir='ltr'>una</span> <span class='ocrx_word' id='word_1_142' title='bbox 2465 2054 2604 2100; x_wconf 85' lang='lat' dir='ltr'>cum</span> <span class='ocrx_word' id='word_1_143' title='bbox 2631 2034 2786 2099; x_wconf 85' lang='lat' dir='ltr'>bello</span> 
     </span>
     <span class='ocr_line' id='line_1_19' title="bbox 427 2137 2785 2224; baseline -0 -20"><span class='ocrx_word' id='word_1_144' title='bbox 427 2147 670 2222; x_wconf 88' lang='lat' dir='ltr'>tempus</span> <span class='ocrx_word' id='word_1_145' title='bbox 714 2157 952 2223; x_wconf 86' lang='lat' dir='ltr'>quoque</span> <span class='ocrx_word' id='word_1_146' title='bbox 990 2148 1121 2204; x_wconf 89' lang='lat' dir='ltr'>tum</span> <span class='ocrx_word' id='word_1_147' title='bbox 1150 2139 1333 2222; x_wconf 76' lang='lat' dir='ltr'>viguit</span> <span class='ocrx_word' id='word_1_148' title='bbox 1374 2147 1504 2204; x_wconf 89' lang='lat' dir='ltr'>tum</span> <span class='ocrx_word' id='word_1_149' title='bbox 1535 2140 1855 2205; x_wconf 86' lang='lat' dir='ltr'>consenuit</span> <span class='ocrx_word' id='word_1_150' title='bbox 1883 2149 2062 2224; x_wconf 85' lang='lat' dir='ltr'>atque</span> <span class='ocrx_word' id='word_1_151' title='bbox 2089 2138 2355 2204; x_wconf 79' lang='lat' dir='ltr'>exolevit.</span> <span class='ocrx_word' id='word_1_152' title='bbox 2442 2138 2534 2202; x_wconf 80' lang='lat' dir='ltr'>Ad</span> <span class='ocrx_word' id='word_1_153' title='bbox 2561 2137 2785 2203; x_wconf 81' lang='lat' dir='ltr'>bellum</span> 
     </span>
     <span class='ocr_line' id='line_1_20' title="bbox 429 2241 2786 2325; baseline -0 -19"><span class='ocrx_word' id='word_1_154' title='bbox 429 2242 677 2325; x_wconf 85' lang='lat' dir='ltr'>eiusque</span> <span class='ocrx_word' id='word_1_155' title='bbox 703 2261 1025 2307; x_wconf 88' lang='lat' dir='ltr'>aerumnas</span> <span class='ocrx_word' id='word_1_156' title='bbox 1079 2241 1493 2325; x_wconf 75' lang='lat' dir='ltr'>significandas</span> <span class='ocrx_word' id='word_1_157' title='bbox 1531 2242 1958 2325; x_wconf 85' lang='lat' dir='ltr'>percommode</span> <span class='ocrx_word' id='word_1_158' title='bbox 1992 2251 2406 2308; x_wconf 80' lang='lat' dir='ltr'>memorantur</span> <span class='ocrx_word' id='word_1_159' title='bbox 2438 2241 2682 2306; x_wconf 83' lang='lat' dir='ltr'>navium</span> <span class='ocrx_word' id='word_1_160' title='bbox 2720 2243 2786 2306; x_wconf 94' lang='lat' dir='ltr'>in</span> 
     </span>
     <span class='ocr_line' id='line_1_21' title="bbox 427 2343 2785 2423; baseline 0.001 -15"><span class='ocrx_word' id='word_1_161' title='bbox 427 2343 626 2408; x_wconf 84' lang='lat' dir='ltr'>littore</span> <span class='ocrx_word' id='word_1_162' title='bbox 652 2344 964 2410; x_wconf 84' lang='lat' dir='ltr'>stationes:</span> <span class='ocrx_word' id='word_1_163' title='bbox 993 2345 1104 2410; x_wconf 85' lang='lat' dir='ltr'>has</span> <span class='ocrx_word' id='word_1_164' title='bbox 1134 2344 1321 2422; x_wconf 83' lang='lat' dir='ltr'>enim,</span> <span class='ocrx_word' id='word_1_165' title='bbox 1350 2355 1417 2410; x_wconf 91' lang='lat' dir='ltr'>ut</span> <span class='ocrx_word' id='word_1_166' title='bbox 1437 2345 1694 2411; x_wconf 83' lang='lat' dir='ltr'>maxime</span> <span class='ocrx_word' id='word_1_167' title='bbox 1715 2365 2126 2423; x_wconf 83' lang='lat' dir='ltr'>aerumnosas,</span> <span class='ocrx_word' id='word_1_168' title='bbox 2143 2346 2328 2411; x_wconf 80' lang='lat' dir='ltr'>‘etiam</span> <span class='ocrx_word' id='word_1_169' title='bbox 2355 2346 2608 2411; x_wconf 86' lang='lat' dir='ltr'>nuntius</span> <span class='ocrx_word' id='word_1_170' title='bbox 2631 2364 2785 2411; x_wconf 90' lang='lat' dir='ltr'>con·</span> 
     </span>
     <span class='ocr_line' id='line_1_22' title="bbox 427 2445 2783 2534; baseline 0.001 -22"><span class='ocrx_word' id='word_1_171' title='bbox 427 2458 675 2532; x_wconf 76' lang='lat' dir='ltr'>questus</span> <span class='ocrx_word' id='word_1_172' title='bbox 703 2456 830 2513; x_wconf 80' lang='lat' dir='ltr'>erat</span> <span class='ocrx_word' id='word_1_173' title='bbox 854 2468 910 2513; x_wconf 79' lang='lat' dir='ltr'>v.</span> <span class='ocrx_word' id='word_1_174' title='bbox 941 2448 1067 2513; x_wconf 79' lang='lat'>533</span> <span class='ocrx_word' id='word_1_175' title='bbox 1098 2468 1262 2533; x_wconf 79' lang='lat' dir='ltr'>sqq.·</span> <span class='ocrx_word' id='word_1_176' title='bbox 1312 2450 1604 2515; x_wconf 80' lang='lat' dir='ltr'>Dicuntur</span> <span class='ocrx_word' id='word_1_177' title='bbox 1653 2459 1852 2516; x_wconf 85' lang='lat' dir='ltr'>autem</span> <span class='ocrx_word' id='word_1_178' title='bbox 1901 2452 2013 2516; x_wconf 82' lang='lat' dir='ltr'>hae</span> <span class='ocrx_word' id='word_1_179' title='bbox 2053 2453 2339 2517; x_wconf 67' lang='lat' dir='ltr'>stationes</span> <span class='ocrx_word' id='word_1_180' title='bbox 2376 2445 2783 2534; x_wconf 72' lang='grc' dir='ltr'><strong><em>ξυνεμβολαὶ</em></strong></span> 
     </span>
     <span class='ocr_line' id='line_1_23' title="bbox 407 2535 2781 2641; baseline 0 -24"><span class='ocrx_word' id='word_1_181' title='bbox 407 2545 862 2641; x_wconf 77' lang='grc' dir='ltr'><strong><em>’πρυμνησίων</em></strong></span> <span class='ocrx_word' id='word_1_182' title='bbox 896 2535 1223 2639; x_wconf 74' lang='grc' dir='ltr'><strong><em>ψαμμιᾶν</em></strong></span> <span class='ocrx_word' id='word_1_183' title='bbox 1266 2543 1553 2634; x_wconf 76' lang='grc' dir='ltr'><strong><em>ἀκάτων,</em></strong></span> <span class='ocrx_word' id='word_1_184' title='bbox 1598 2555 1880 2637; x_wconf 87' lang='lat' dir='ltr'>quoniam</span> <span class='ocrx_word' id='word_1_185' title='bbox 1918 2554 2247 2621; x_wconf 81' lang='lat' dir='ltr'>subductae</span> <span class='ocrx_word' id='word_1_186' title='bbox 2289 2556 2352 2620; x_wconf 90' lang='lat' dir='ltr'>in</span> <span class='ocrx_word' id='word_1_187' title='bbox 2388 2554 2608 2619; x_wconf 85' lang='lat' dir='ltr'>littoris</span> <span class='ocrx_word' id='word_1_188' title='bbox 2646 2573 2781 2618; x_wconf 87' lang='lat' dir='ltr'>are-</span> 
     </span>
     <span class='ocr_line' id='line_1_24' title="bbox 353 2656 2776 2750; baseline -0.002 -24"><span class='ocrx_word' id='word_1_189' title='bbox 353 2674 358 2678; x_wconf 79' lang='grc'><strong><em>’</em></strong></span> <span class='ocrx_word' id='word_1_190' title='bbox 407 2665 566 2726; x_wconf 77' lang='lat' dir='ltr'>,nam</span> <span class='ocrx_word' id='word_1_191' title='bbox 593 2674 773 2722; x_wconf 76' lang='lat' dir='ltr'>naves</span> <span class='ocrx_word' id='word_1_192' title='bbox 802 2656 1001 2750; x_wconf 70' lang='lat' dir='ltr'>eieetis</span> <span class='ocrx_word' id='word_1_193' title='bbox 1031 2657 1368 2722; x_wconf 78' lang='lat' dir='ltr'>retinaculis</span> <span class='ocrx_word' id='word_1_194' title='bbox 1397 2657 1736 2739; x_wconf 73' lang='lat' dir='ltr'>religentur.</span> <span class='ocrx_word' id='word_1_195' title='bbox 1792 2657 1944 2722; x_wconf 85' lang='lat' dir='ltr'>Nam</span> <span class='ocrx_word' id='word_1_196' title='bbox 1975 2659 2484 2741; x_wconf 83' lang='lat' dir='ltr'>quemadmodum</span> <span class='ocrx_word' id='word_1_197' title='bbox 2521 2656 2687 2723; x_wconf 86' lang='lat' dir='ltr'>Pers.</span> <span class='ocrx_word' id='word_1_198' title='bbox 2717 2677 2776 2722; x_wconf 81' lang='lat' dir='ltr'>v.</span> 
     </span>
     <span class='ocr_line' id='line_1_25' title="bbox 422 2752 2775 2848; baseline 0.001 -24"><span class='ocrx_word' id='word_1_199' title='bbox 422 2759 547 2825; x_wconf 76' lang='lat'>391</span> <span class='ocrx_word' id='word_1_200' title='bbox 577 2752 817 2848; x_wconf 72' lang='grc' dir='ltr'><strong><em>κώπης</em></strong></span> <span class='ocrx_word' id='word_1_201' title='bbox 858 2753 1226 2847; x_wconf 73' lang='grc' dir='ltr'><strong><em>ξυνεμβολή</em></strong></span> <span class='ocrx_word' id='word_1_202' title='bbox 1269 2760 1342 2824; x_wconf 88' lang='lat' dir='ltr'>de</span> <span class='ocrx_word' id='word_1_203' title='bbox 1382 2761 1568 2824; x_wconf 89' lang='lat' dir='ltr'>remis</span> <span class='ocrx_word' id='word_1_204' title='bbox 1609 2760 1850 2838; x_wconf 83' lang='lat' dir='ltr'>dicitur,</span> <span class='ocrx_word' id='word_1_205' title='bbox 1889 2764 1991 2845; x_wconf 87' lang='lat' dir='ltr'>qui</span> <span class='ocrx_word' id='word_1_206' title='bbox 2027 2763 2198 2828; x_wconf 89' lang='lat' dir='ltr'>multi</span> <span class='ocrx_word' id='word_1_207' title='bbox 2238 2762 2418 2827; x_wconf 86' lang='lat' dir='ltr'>simul</span> <span class='ocrx_word' id='word_1_208' title='bbox 2456 2761 2541 2825; x_wconf 80' lang='lat' dir='ltr'>in&#39;</span> <span class='ocrx_word' id='word_1_209' title='bbox 2559 2780 2775 2844; x_wconf 82' lang='lat' dir='ltr'>aquam</span> 
     </span>
     <span class='ocr_line' id='line_1_26' title="bbox 419 2855 2773 2950; baseline 0.001 -22"><span class='ocrx_word' id='word_1_210' title='bbox 419 2862 717 2940; x_wconf 81' lang='lat' dir='ltr'>incidunt,</span> <span class='ocrx_word' id='word_1_211' title='bbox 748 2863 837 2928; x_wconf 88' lang='lat' dir='ltr'>sic</span> <span class='ocrx_word' id='word_1_212' title='bbox 863 2863 1043 2927; x_wconf 85' lang='lat' dir='ltr'>etiam</span> <span class='ocrx_word' id='word_1_213' title='bbox 1071 2855 1504 2950; x_wconf 82' lang='grc' dir='ltr'><strong><em>πρυμνησίων</em></strong></span> <span class='ocrx_word' id='word_1_214' title='bbox 1543 2857 1947 2948; x_wconf 80' lang='grc' dir='ltr'><strong><em>ξυνεμβολαί</em></strong></span> <span class='ocrx_word' id='word_1_215' title='bbox 1984 2874 2145 2932; x_wconf 86' lang='lat' dir='ltr'>recte</span> <span class='ocrx_word' id='word_1_216' title='bbox 2181 2865 2295 2930; x_wconf 89' lang='lat' dir='ltr'>dici</span> <span class='ocrx_word' id='word_1_217' title='bbox 2332 2865 2530 2949; x_wconf 87' lang='lat' dir='ltr'>potuit</span> <span class='ocrx_word' id='word_1_218' title='bbox 2567 2865 2643 2930; x_wconf 89' lang='lat' dir='ltr'>de</span> <span class='ocrx_word' id='word_1_219' title='bbox 2671 2884 2773 2930; x_wconf 89' lang='lat' dir='ltr'>re-</span> 
     </span>
     <span class='ocr_line' id='line_1_27' title="bbox 417 2965 2771 3052; baseline 0 -21"><span class='ocrx_word' id='word_1_220' title='bbox 417 2966 691 3035; x_wconf 84' lang='lat' dir='ltr'>tinaculis</span> <span class='ocrx_word' id='word_1_221' title='bbox 720 2965 1042 3031; x_wconf 86' lang='lat' dir='ltr'>multarum</span> <span class='ocrx_word' id='word_1_222' title='bbox 1069 2967 1309 3031; x_wconf 79' lang='lat' dir='ltr'>navium</span> <span class='ocrx_word' id='word_1_223' title='bbox 1341 2965 1520 3031; x_wconf 87' lang='lat' dir='ltr'>simul</span> <span class='ocrx_word' id='word_1_224' title='bbox 1545 2966 1611 3031; x_wconf 90' lang='lat' dir='ltr'>in</span> <span class='ocrx_word' id='word_1_225' title='bbox 1638 2967 1803 3032; x_wconf 85' lang='lat' dir='ltr'>littus</span> <span class='ocrx_word' id='word_1_226' title='bbox 1834 2968 2115 3033; x_wconf 85' lang='lat' dir='ltr'>coniectis</span> <span class='ocrx_word' id='word_1_227' title='bbox 2143 2968 2342 3051; x_wconf 86' lang='lat' dir='ltr'>ibique</span> <span class='ocrx_word' id='word_1_228' title='bbox 2356 2968 2604 3052; x_wconf 79' lang='lat' dir='ltr'>alligatis</span> <span class='ocrx_word' id='word_1_229' title='bbox 2630 2967 2694 3033; x_wconf 82' lang='lat' dir='ltr'>h.</span> <span class='ocrx_word' id='word_1_230' title='bbox 2718 2987 2771 3032; x_wconf 91' lang='lat' dir='ltr'>e.</span> 
     </span>
     <span class='ocr_line' id='line_1_28' title="bbox 418 3068 2775 3154; baseline 0.002 -20"><span class='ocrx_word' id='word_1_231' title='bbox 418 3069 494 3134; x_wconf 89' lang='lat' dir='ltr'>de</span> <span class='ocrx_word' id='word_1_232' title='bbox 505 3068 828 3134; x_wconf 76' lang='lat' dir='ltr'>multarum</span> <span class='ocrx_word' id='word_1_233' title='bbox 842 3070 1082 3135; x_wconf 80' lang='lat' dir='ltr'>navium</span> <span class='ocrx_word' id='word_1_234' title='bbox 1098 3069 1355 3134; x_wconf 78' lang='lat' dir='ltr'>statione</span> <span class='ocrx_word' id='word_1_235' title='bbox 1369 3069 1431 3133; x_wconf 90' lang='lat' dir='ltr'>in</span> <span class='ocrx_word' id='word_1_236' title='bbox 1444 3069 1671 3135; x_wconf 82' lang='lat' dir='ltr'>littore:</span> <span class='ocrx_word' id='word_1_237' title='bbox 1688 3072 2077 3154; x_wconf 85' lang='lat' dir='ltr'>quamobrem</span> <span class='ocrx_word' id='word_1_238' title='bbox 2091 3072 2146 3136; x_wconf 85' lang='lat' dir='ltr'>J.</span> <span class='ocrx_word' id='word_1_239' title='bbox 2166 3072 2235 3137; x_wconf 89' lang='lat' dir='ltr'>G.</span> <span class='ocrx_word' id='word_1_240' title='bbox 2252 3072 2600 3138; x_wconf 81' lang='lat' dir='ltr'>Schneideri</span> <span class='ocrx_word' id='word_1_241' title='bbox 2623 3090 2775 3138; x_wconf 87' lang='lat' dir='ltr'>con·</span> 
     </span>
     <span class='ocr_line' id='line_1_29' title="bbox 416 3171 2771 3257; baseline 0.002 -20"><span class='ocrx_word' id='word_1_242' title='bbox 416 3172 704 3249; x_wconf 84' lang='lat' dir='ltr'>iecturam</span> <span class='ocrx_word' id='word_1_243' title='bbox 742 3171 808 3236; x_wconf 87' lang='lat' dir='ltr'>in</span> <span class='ocrx_word' id='word_1_244' title='bbox 842 3172 953 3237; x_wconf 86' lang='lat' dir='ltr'>lex.</span> <span class='ocrx_word' id='word_1_245' title='bbox 993 3191 1082 3255; x_wconf 79' lang='lat' dir='ltr'>gr.</span> <span class='ocrx_word' id='word_1_246' title='bbox 1122 3173 1502 3256; x_wconf 85' lang='lat' dir='ltr'>propositam</span> <span class='ocrx_word' id='word_1_247' title='bbox 1525 3174 1817 3257; x_wconf 88' lang='lat' dir='ltr'>-recipere</span> <span class='ocrx_word' id='word_1_248' title='bbox 1852 3193 1983 3240; x_wconf 92' lang='lat' dir='ltr'>non</span> <span class='ocrx_word' id='word_1_249' title='bbox 2019 3175 2299 3241; x_wconf 79' lang='lat' dir='ltr'>dubitavi.</span> <span class='ocrx_word' id='word_1_250' title='bbox 2369 3175 2521 3241; x_wconf 85' lang='lat' dir='ltr'>Cum</span> <span class='ocrx_word' id='word_1_251' title='bbox 2569 3177 2771 3243; x_wconf 84' lang='lat' dir='ltr'>dativo</span> 
     </span>
     <span class='ocr_line' id='line_1_30' title="bbox 416 3270 2777 3367; baseline 0.003 -28"><span class='ocrx_word' id='word_1_252' title='bbox 416 3294 592 3353; x_wconf 86' lang='lat' dir='ltr'>casu,</span> <span class='ocrx_word' id='word_1_253' title='bbox 622 3270 1072 3358; x_wconf 78' lang='grc' dir='ltr'><strong><em>ξυνεμβολαῖς,</em></strong></span> <span class='ocrx_word' id='word_1_254' title='bbox 1117 3277 1484 3341; x_wconf 86' lang='lat' dir='ltr'>construitur</span> <span class='ocrx_word' id='word_1_255' title='bbox 1508 3273 1919 3364; x_wconf 69' lang='lat' dir='ltr'>illud-xpdvog</span> <span class='ocrx_word' id='word_1_256' title='bbox 1946 3273 2300 3367; x_wconf 79' lang='grc' dir='ltr'><strong><em>παρήβησε</em></strong></span> <span class='ocrx_word' id='word_1_257' title='bbox 2327 3280 2540 3346; x_wconf 88' lang='lat' dir='ltr'>eodem</span> <span class='ocrx_word' id='word_1_258' title='bbox 2562 3282 2777 3358; x_wconf 80' lang='lat' dir='ltr'>modo,</span> 
     </span>
     <span class='ocr_line' id='line_1_31' title="bbox 416 3375 2772 3472; baseline 0.003 -29"><span class='ocrx_word' id='word_1_259' title='bbox 416 3398 539 3463; x_wconf 86' lang='lat' dir='ltr'>quo</span> <span class='ocrx_word' id='word_1_260' title='bbox 567 3378 729 3462; x_wconf 83' lang='lat' dir='ltr'>apud</span> <span class='ocrx_word' id='word_1_261' title='bbox 757 3377 964 3460; x_wconf 83' lang='lat' dir='ltr'>Eurip.</span> <span class='ocrx_word' id='word_1_262' title='bbox 994 3378 1125 3442; x_wconf 90' lang='lat' dir='ltr'>lon.</span> <span class='ocrx_word' id='word_1_263' title='bbox 1156 3398 1207 3441; x_wconf 88' lang='lat' dir='ltr'>v.</span> <span class='ocrx_word' id='word_1_264' title='bbox 1241 3378 1398 3443; x_wconf 83' lang='lat'>353:</span> <span class='ocrx_word' id='word_1_265' title='bbox 1427 3375 1665 3465; x_wconf 86' lang='grc' dir='ltr'><strong><em>χρόνος</em></strong></span> <span class='ocrx_word' id='word_1_266' title='bbox 1709 3377 1791 3447; x_wconf 73' lang='grc' dir='ltr'>δὲ</span> <span class='ocrx_word' id='word_1_267' title='bbox 1829 3376 1938 3460; x_wconf 83' lang='grc' dir='ltr'><strong><em>τίς</em></strong></span> <span class='ocrx_word' id='word_1_268' title='bbox 1962 3380 2063 3468; x_wconf 74' lang='grc' dir='ltr'>τῷ</span> <span class='ocrx_word' id='word_1_269' title='bbox 2091 3379 2305 3449; x_wconf 81' lang='grc' dir='ltr'><strong><em>παιδὶ</em></strong></span> <span class='ocrx_word' id='word_1_270' title='bbox 2334 3379 2772 3472; x_wconf 77' lang='grc' dir='ltr'><strong><em>διαπεπραγ-</em></strong></span> 
     </span>
    </p>

    <p class='ocr_par' dir='ltr' id='par_1_7' title="bbox 413 3478 2775 3576">
     <span class='ocr_line' id='line_1_32' title="bbox 413 3478 2775 3576; baseline 0.004 -32.207"><span class='ocrx_word' id='word_1_271' title='bbox 413 3478 628 3569; x_wconf 71' lang='grc' dir='ltr'><strong><em>μένῳς</em></strong></span> <span class='ocrx_word' id='word_1_272' title='bbox 669 3489 774 3545; x_wconf 79' lang='lat' dir='ltr'>ant</span> <span class='ocrx_word' id='word_1_273' title='bbox 798 3482 957 3565; x_wconf 88' lang='lat' dir='ltr'>apud</span> <span class='ocrx_word' id='word_1_274' title='bbox 987 3481 1208 3546; x_wconf 86' lang='lat' dir='ltr'>Herod.</span> <span class='ocrx_word' id='word_1_275' title='bbox 1237 3481 1311 3557; x_wconf 88' lang='lat'>11,</span> <span class='ocrx_word' id='word_1_276' title='bbox 1347 3483 1496 3547; x_wconf 80' lang='lat'>124:</span> <span class='ocrx_word' id='word_1_277' title='bbox 1530 3478 1765 3567; x_wconf 86' lang='grc' dir='ltr'><strong><em>χρόνον</em></strong></span> <span class='ocrx_word' id='word_1_278' title='bbox 1806 3479 2210 3569; x_wconf 69' lang='grc' dir='ltr'><strong><em>ἐγγενέσθαι</em></strong></span> <span class='ocrx_word' id='word_1_279' title='bbox 2251 3483 2632 3576; x_wconf 75' lang='grc' dir='ltr'><strong><em>τριβομένῳ</em></strong></span> <span class='ocrx_word' id='word_1_280' title='bbox 2671 3486 2775 3575; x_wconf 76' lang='grc' dir='ltr'>τῷ</span> 
     </span>
    </p>

    <p class='ocr_par' dir='ltr' id='par_1_8' title="bbox 406 3581 2791 4392">
     <span class='ocr_line' id='line_1_33' title="bbox 414 3581 2771 3677; baseline 0.004 -28"><span class='ocrx_word' id='word_1_281' title='bbox 414 3581 585 3672; x_wconf 76' lang='grc' dir='ltr'><strong><em>λαῷ,</em></strong></span> <span class='ocrx_word' id='word_1_282' title='bbox 631 3585 857 3669; x_wconf 85' lang='lat' dir='ltr'>aliaque</span> <span class='ocrx_word' id='word_1_283' title='bbox 907 3583 1124 3650; x_wconf 85' lang='lat' dir='ltr'>similia</span> <span class='ocrx_word' id='word_1_284' title='bbox 1172 3604 1268 3667; x_wconf 88' lang='lat' dir='ltr'>ap.</span> <span class='ocrx_word' id='word_1_285' title='bbox 1322 3586 1519 3650; x_wconf 83' lang='lat' dir='ltr'>Valck.</span> <span class='ocrx_word' id='word_1_286' title='bbox 1560 3588 1633 3651; x_wconf 91' lang='lat' dir='ltr'>ad</span> <span class='ocrx_word' id='word_1_287' title='bbox 1672 3587 1892 3653; x_wconf 83' lang='lat' dir='ltr'>Herod.</span> <span class='ocrx_word' id='word_1_288' title='bbox 1931 3589 2012 3664; x_wconf 87' lang='lat'>11,</span> <span class='ocrx_word' id='word_1_289' title='bbox 2045 3589 2227 3652; x_wconf 80' lang='grc'>2.-</span> <span class='ocrx_word' id='word_1_290' title='bbox 2251 3582 2572 3671; x_wconf 76' lang='grc' dir='ltr'><strong><em>Ἅκάτας,</em></strong></span> <span class='ocrx_word' id='word_1_291' title='bbox 2604 3593 2771 3677; x_wconf 88' lang='lat' dir='ltr'>quod</span> 
     </span>
     <span class='ocr_line' id='line_1_34' title="bbox 415 3681 2776 3777; baseline 0.004 -24"><span class='ocrx_word' id='word_1_292' title='bbox 415 3687 653 3753; x_wconf 84' lang='lat' dir='ltr'>codices</span> <span class='ocrx_word' id='word_1_293' title='bbox 703 3687 951 3765; x_wconf 84' lang='lat' dir='ltr'>habent,</span> <span class='ocrx_word' id='word_1_294' title='bbox 1003 3687 1355 3753; x_wconf 86' lang='lat' dir='ltr'>mutandum</span> <span class='ocrx_word' id='word_1_295' title='bbox 1397 3688 1508 3753; x_wconf 79' lang='lat' dir='ltr'>mit</span> <span class='ocrx_word' id='word_1_296' title='bbox 1547 3690 1614 3753; x_wconf 93' lang='lat' dir='ltr'>in</span> <span class='ocrx_word' id='word_1_297' title='bbox 1651 3681 1942 3771; x_wconf 78' lang='grc' dir='ltr'><strong><em>ἀκάτων,</em></strong></span> <span class='ocrx_word' id='word_1_298' title='bbox 1994 3694 2213 3775; x_wconf 79' lang='lat' dir='ltr'>partim</span> <span class='ocrx_word' id='word_1_299' title='bbox 2265 3695 2429 3777; x_wconf 85' lang='lat' dir='ltr'>qu&#39;od</span> <span class='ocrx_word' id='word_1_300' title='bbox 2465 3696 2562 3760; x_wconf 78' lang='lat' dir='ltr'>ills</span> <span class='ocrx_word' id='word_1_301' title='bbox 2592 3696 2776 3762; x_wconf 78' lang='lat' dir='ltr'>altera</span> 
     </span>
     <span class='ocr_line' id='line_1_35' title="bbox 414 3791 2791 3883; baseline 0.004 -27"><span class='ocrx_word' id='word_1_302' title='bbox 414 3793 611 3857; x_wconf 74' lang='lat' dir='ltr'>forma</span> <span class='ocrx_word' id='word_1_303' title='bbox 648 3791 915 3855; x_wconf 88' lang='lat' dir='ltr'>nominis</span> <span class='ocrx_word' id='word_1_304' title='bbox 944 3810 1159 3874; x_wconf 88' lang='lat' dir='ltr'>parum</span> <span class='ocrx_word' id='word_1_305' title='bbox 1197 3791 1565 3857; x_wconf 85' lang='lat' dir='ltr'>auctoritatis</span> <span class='ocrx_word' id='word_1_306' title='bbox 1601 3791 1803 3870; x_wconf 83' lang='lat' dir='ltr'>habet,</span> <span class='ocrx_word' id='word_1_307' title='bbox 1842 3794 2056 3875; x_wconf 86' lang='lat' dir='ltr'>partim</span> <span class='ocrx_word' id='word_1_308' title='bbox 2106 3796 2283 3861; x_wconf 85' lang='lat' dir='ltr'>etiam</span> <span class='ocrx_word' id='word_1_309' title='bbox 2324 3799 2487 3881; x_wconf 86' lang='lat' dir='ltr'>quod</span> <span class='ocrx_word' id='word_1_310' title='bbox 2524 3800 2791 3883; x_wconf 80' lang='lat' dir='ltr'>pluralis·</span> 
     </span>
     <span class='ocr_line' id='line_1_36' title="bbox 412 3895 2772 3984; baseline 0.003 -25"><span class='ocrx_word' id='word_1_311' title='bbox 412 3909 702 3960; x_wconf 86' lang='lat' dir='ltr'>numerus</span> <span class='ocrx_word' id='word_1_312' title='bbox 732 3896 929 3978; x_wconf 86' lang='lat' dir='ltr'>aptior</span> <span class='ocrx_word' id='word_1_313' title='bbox 955 3895 1235 3960; x_wconf 89' lang='lat' dir='ltr'>hocloco</span> <span class='ocrx_word' id='word_1_314' title='bbox 1274 3913 1452 3978; x_wconf 82' lang='lat' dir='ltr'>qnam</span> <span class='ocrx_word' id='word_1_315' title='bbox 1483 3895 1798 3977; x_wconf 74' lang='lat' dir='ltr'>singularis</span> <span class='ocrx_word' id='word_1_316' title='bbox 1840 3906 1936 3960; x_wconf 86' lang='lat' dir='ltr'>est</span> <span class='ocrx_word' id='word_1_317' title='bbox 1974 3916 2161 3980; x_wconf 84' lang='lat' dir='ltr'>quum</span> <span class='ocrx_word' id='word_1_318' title='bbox 2204 3900 2277 3964; x_wconf 91' lang='lat' dir='ltr'>de</span> <span class='ocrx_word' id='word_1_319' title='bbox 2314 3895 2772 3984; x_wconf 77' lang='grc' dir='ltr'><strong><em>ξυνεμβολαῖς,</em></strong></span> 
     </span>
     <span class='ocr_line' id='line_1_37' title="bbox 413 3998 2771 4088; baseline 0.003 -23"><span class='ocrx_word' id='word_1_320' title='bbox 413 3998 746 4065; x_wconf 86' lang='lat' dir='ltr'>coniunctis</span> <span class='ocrx_word' id='word_1_321' title='bbox 796 3998 1123 4063; x_wconf 87' lang='lat' dir='ltr'>multorum</span> <span class='ocrx_word' id='word_1_322' title='bbox 1173 3999 1406 4063; x_wconf 80' lang='lat' dir='ltr'>funium</span> <span class='ocrx_word' id='word_1_323' title='bbox 1444 3998 1855 4075; x_wconf 85' lang='lat' dir='ltr'>eiectionihus‚</span> <span class='ocrx_word' id='word_1_324' title='bbox 1905 4001 2228 4067; x_wconf 85' lang='lat' dir='ltr'>multarum</span> <span class='ocrx_word' id='word_1_325' title='bbox 2279 4004 2477 4088; x_wconf 88' lang='lat' dir='ltr'>itaque</span> <span class='ocrx_word' id='word_1_326' title='bbox 2526 4006 2771 4072; x_wconf 82' lang='lat' dir='ltr'>navium</span> 
     </span>
     <span class='ocr_line' id='line_1_38' title="bbox 412 4101 2772 4194; baseline 0.002 -26"><span class='ocrx_word' id='word_1_327' title='bbox 412 4104 768 4170; x_wconf 85' lang='lat' dir='ltr'>stationibus</span> <span class='ocrx_word' id='word_1_328' title='bbox 807 4122 1010 4194; x_wconf 86' lang='lat' dir='ltr'>sermo</span> <span class='ocrx_word' id='word_1_329' title='bbox 1049 4104 1144 4169; x_wconf 86' lang='lat' dir='ltr'>sit.</span> <span class='ocrx_word' id='word_1_330' title='bbox 1233 4102 1311 4167; x_wconf 83' lang='lat' dir='ltr'>Et</span> <span class='ocrx_word' id='word_1_331' title='bbox 1345 4112 1592 4185; x_wconf 84' lang='lat' dir='ltr'>apparet</span> <span class='ocrx_word' id='word_1_332' title='bbox 1627 4101 1830 4178; x_wconf 84' lang='lat' dir='ltr'>etiam,</span> <span class='ocrx_word' id='word_1_333' title='bbox 1867 4107 2177 4186; x_wconf 90' lang='lat' dir='ltr'>quomodo</span> <span class='ocrx_word' id='word_1_334' title='bbox 2217 4107 2395 4172; x_wconf 86' lang='lat' dir='ltr'>altera</span> <span class='ocrx_word' id='word_1_335' title='bbox 2432 4110 2628 4172; x_wconf 78' lang='lat' dir='ltr'>forma</span> <span class='ocrx_word' id='word_1_336' title='bbox 2666 4109 2772 4174; x_wconf 89' lang='lat' dir='ltr'>in·—</span> 
     </span>
     <span class='ocr_line' id='line_1_39' title="bbox 409 4202 2771 4299; baseline 0.001 -26"><span class='ocrx_word' id='word_1_337' title='bbox 409 4216 579 4272; x_wconf 76' lang='lat' dir='ltr'>vecta</span> <span class='ocrx_word' id='word_1_338' title='bbox 607 4208 702 4273; x_wconf 88' lang='lat' dir='ltr'>sit.</span> <span class='ocrx_word' id='word_1_339' title='bbox 760 4204 912 4271; x_wconf 84' lang='lat' dir='ltr'>Nam</span> <span class='ocrx_word' id='word_1_340' title='bbox 941 4206 996 4270; x_wconf 88' lang='lat' dir='ltr'>si</span> <span class='ocrx_word' id='word_1_341' title='bbox 1023 4206 1097 4270; x_wconf 87' lang='lat' dir='ltr'>ab</span> <span class='ocrx_word' id='word_1_342' title='bbox 1113 4206 1418 4288; x_wconf 38' lang='lat' dir='ltr'>*Aeschylo</span> <span class='ocrx_word' id='word_1_343' title='bbox 1443 4202 1771 4288; x_wconf 80' lang='grc' dir='ltr'><strong><em>ψαμμιᾶν</em></strong></span> <span class='ocrx_word' id='word_1_344' title='bbox 1795 4206 2118 4290; x_wconf 87' lang='lat' dir='ltr'>scriptum,</span> <span class='ocrx_word' id='word_1_345' title='bbox 2159 4210 2221 4274; x_wconf 89' lang='lat' dir='ltr'>id</span> <span class='ocrx_word' id='word_1_346' title='bbox 2248 4220 2447 4275; x_wconf 87' lang='lat' dir='ltr'>autem</span> <span class='ocrx_word' id='word_1_347' title='bbox 2475 4211 2541 4276; x_wconf 90' lang='lat' dir='ltr'>in</span> <span class='ocrx_word' id='word_1_348' title='bbox 2568 4222 2771 4299; x_wconf 81' lang='grc' dir='ltr'><strong><em>ψαμ-</em></strong></span> 
     </span>
     <span class='ocr_line' id='line_1_40' title="bbox 406 4301 2768 4392; baseline 0.003 -18"><span class='ocrx_word' id='word_1_349' title='bbox 406 4301 573 4392; x_wconf 79' lang='grc' dir='ltr'>μίας</span> <span class='ocrx_word' id='word_1_350' title='bbox 614 4320 967 4392; x_wconf 84' lang='lat' dir='ltr'>corruptum</span> <span class='ocrx_word' id='word_1_351' title='bbox 995 4309 1130 4386; x_wconf 81' lang='lat' dir='ltr'>fuit,</span> <span class='ocrx_word' id='word_1_352' title='bbox 1160 4316 1627 4374; x_wconf 81' lang='lat' dir='ltr'>consentaneum</span> <span class='ocrx_word' id='word_1_353' title='bbox 1665 4310 1776 4373; x_wconf 82' lang='lat' dir='ltr'>ruit</span> <span class='ocrx_word' id='word_1_354' title='bbox 1802 4310 1977 4374; x_wconf 88' lang='lat' dir='ltr'>etiam</span> <span class='ocrx_word' id='word_1_355' title='bbox 2011 4302 2271 4390; x_wconf 76' lang='grc' dir='ltr'><strong><em>α’κάτας</em></strong></span> <span class='ocrx_word' id='word_1_356' title='bbox 2306 4314 2448 4379; x_wconf 87' lang='lat' dir='ltr'>huic</span> <span class='ocrx_word' id='word_1_357' title='bbox 2476 4315 2768 4383; x_wconf 79' lang='lat' dir='ltr'>adiectivo</span> 
     </span>
    </p>
   </div>
   <div class='ocr_carea' id='block_1_4' title="bbox 3062 1842 3079 3180">
    <p class='ocr_par' dir='ltr' id='par_1_9' title="bbox 3062 1842 3079 3180">
     <span class='ocr_line' id='line_1_41' title="bbox 3062 1842 3079 3180; baseline 0 0"><span class='ocrx_word' id='word_1_358' title='bbox 3062 1842 3079 3180; x_wconf 95' lang='lat' dir='ltr'> </span> 
     </span>
    </p>
   </div>
  </div>
 </body>
</html>
