3102 4866
1403 284 1526 351 193

371 473 436 538 V.
493 472 641 537 139:
696 465 859 540 οὐδὲ
899 454 1292 562 συνήδομαι,
1331 459 1391 561 ᾦ
1435 469 1647 558 γύναι,
1696 465 1927 560 ι’ίλγεσι
1974 469 2383 621 mwwf³
2448 514 2481 539 ι.

695 571 856 644 ἐπεί
894 600 1016 663 μοι
1061 574 1268 668 φιλία
1306 574 1865 664 κέκρανται..
2153 616 2195 641 -.
2533 600 2546 637 ι

457 681 642 747 Miror
666 683 1043 750 Matthiaeum
1074 678 1234 750 ἐπεὶ
1259 679 1356 773 μή
1385 684 1733 767 scripsisse,
1779 701 1962 767 quum
1991 676 2089 771 μή
2128 684 2193 748 in
2206 618 2642 749 &bondonis

271 796 495 850 'tenore
544 804 742 870 neque
781 788 1073 853 rationem
1114 789 1325 855 babeat
1362 798 1424 853 et
1463 788 1851 853 classicorum
1901 795 2060 852 certe
2113 786 2480 871 scriptorum
2520 804 2643 853 usu

282 899 634 973 respuatur.
684 909 824 957 nam
855 892 1183 969 Plutarchi,
1221 893 1464 958 Luciani
1493 911 1568 957 ac
1605 891 1919 970 similium,
1966 910 2223 976 quorum
2262 892 2538 976 exempla
2566 891 2646 957 ab

284 994 619 1078 Hartungio
636 995 1081 1061 subministrata
1097 1014 1363 1080 nuperus
1382 997 1799 1079 grammaticae
1819 1015 2061 1080 graecae
2084 997 2471 1080 compositur
2466 1005 2640 1063 am-

283 1098 368 1175 lit,
396 1100 666 1165 nullam
649 1119 713 1165 m
741 1100 840 1165 tali
867 1120 936 1164 re
964 1101 1371 1166 auctoritatem
1401 1119 1539 1165 esse
1562 1108 1835 1184 apparet.
1895 1100 2247 1166 Proximum
2282 1093 2509 1190 φιλία
2524 1121 2642 1186 pro

283 1195 493 1291 φίλια
534 1203 712 1267 etiam
755 1211 966 1268 contra
1008 1204 1243 1269 codices
1289 1224 1323 1270 a
1365 1204 1646 1268 Porsono
1688 1213 1750 1269 et
1788 1204 2071 1270 Elmsleio
2114 1209 2426 1289 receptum
2466 1204 2643 1269 laudo

285 1315 606 1390 propterea
634 1307 809 1389 quod
828 1300 1049 1396 φίλια,
1079 1311 1193 1375 etsi
1220 1311 1424 1393 ipsum
1445 1329 1556 1394 per
1584 1330 1653 1376 se
1682 1311 1829 1376 satis
1855 1311 2108 1387 bonum,
2136 1310 2258 1374 hoc
2284 1308 2644 1373 tamenioco

286 1410 546 1492 aliquam
577 1410 1020 1493 ambiguitatem
1053 1413 1297 1478 haberet
1322 1425 1573 1498 propter
1599 1433 2022 1499 praegressum
2056 1411 2492 1477 substantivum
2516 1400 2646 1477 21¹³.-

287 1530 458 1596 γεσι.
531 1513 608 1577 Et
637 1534 874 1579 versum
903 1535 1146 1599 quoque
1174 1519 1469 1601 aptiorem
1498 1537 1633 1582 esse
1660 1526 1809 1601 puto
1834 1515 2228 1601 glyconicum,
2266 1534 2446 1599 quam
2478 1535 2647 1581 com·

2518 500 2611 533 ,.·ι.
2671 492 2706 544 6

285 1617 556 1699 positum
595 1637 668 1681 ex
707 1618 996 1684 iambo-et
1031 1621 1442 1706 ithyphallico,
1475 1622 1665 1705 qualis
1701 1621 1800 1686 bic
1828 1623 2008 1697 foret,
2049 1620 2233 1685 altera
2269 1618 2390 1685 arsi
2432 1619 2645 1685 soluta.
2695 1662 2701 1667 -

285 1720 439 1785 Nam
463 1722 625 1804 qnod
646 1721 1020 1788 Hei-mannus
1052 1726 1435 1790 commendat
1460 1718 1622 1790 ἐπεί
1644 1744 1771 1808 μοι
1799 1717 2001 1813 φίλον
2026 1715 2401 1809 κέκρανται,
2430 1742 2647 1807 quam·
2703 1795 2713 1805 ,

290 1843 470 1907 quam
501 1833 561 1888 et
587 1825 862 1891 codicum
893 1845 1149 1892 numero
1180 1838 1243 1892 et
1270 1828 1629 1893 scholiastae
1658 1848 1904 1912 quoque
1931 1827 2279 1892 testimonio
2308 1825 2647 1910 probatum,

285 1927 386 1990 vix
415 1927 593 1992 credo
624 1947 832 2012 graeoe
862 1929 979 1995 dici
1008 1926 1206 2013 δῶμα
1232 1925 1589 2019 κέκρανται
1617 1924 1846 2020 φίλον,
1892 1932 2102 1996 domus
2129 1935 2325 1996 antica
2350 1933 2648 2015 suaa-ut.

288 2030 485 2095 Habet
522 2032 681 2096 euim
711 2026 959 2120 κραίνω
987 2034 1146 2099 banc
1172 2033 1292 2098 vim
1314 2043 1391 2098 ut
1419 2034 1712 2117 significet
1739 2042 1845 2099 aut
1871 2035 2109 2118 efficere
2139 2046 2208 2099 ιιι
2246 2038 2463 2099 emtam
2484 2035 2648 2118 quod

247 2127 253 2131 ’
286 2143 464 2199 antea
477 2152 603 2199 non
620 2136 750 2213 fuit,
775 2148 876 2201 aut
890 2137 1199 2221 perficere,
1234 2138 1313 2202 ad
1339 2141 1566 2202 exitum
1592 2149 1650 2201 et
1667 2149 1937 2203 mmmm
1958 2124 2306 2222 perducere,
2330 2155 2650 2226 {nunquam

290 2248 491 2304 autem
534 2240 609 2305 ad
646 2239 986 2323 qualitatem
1027 2250 1259 2305 tantum
1298 2241 1386 2305 rei
1432 2242 1721 2324 pertinet,
1769 2250 1838 2305 ut
1874 2241 1953 2305 sit
1989 2240 2217 2325 aliqtdd
2255 2240 2369 2306 tale
2404 2240 2502 2305 vel
2535 2240 2652 2306 tale

285 2342 559 2407 reddere.
657 2342 866 2426 Itaque
892 2352 955 2408 et
994 2334 1217 2424 ευχᾶς,
1270 2336 1466 2433 ἄρας,
1518 2338 1766 2431 ἐέλδωρ
1802 2336 2096 2433 κραίνειν
2130 2345 2348 2410 dicitur
2388 2353 2455 2442 et
2490 2335 2653 2430 ἔριν,

287 2439 567 2533 ἔχθραν,
598 2441 839 2536 φιλίαν
867 2435 1187 2534 κραίνεινι
1230 2451 1336 2514 sed
1368 2440 1584 2537 ἄνδρα
1614 2441 1811 2535 ἇνδρι
1838 2443 2102 2537 ἐχθρόν,
2137 2442 2336 2533 δῶμα
2362 2437 2502 2515 τινι
2520 2444 2654 2538 φί-

277 2547 408 2615 λον
433 2544 728 2638 κραίνειν
754 2571 880 2618 non
910 2553 1142 2619 dicitur.

463 2657 630 2721 Vers.
662 2657 818 2722 210.
848 2644 1015 2724 οἶδα
1044 2653 1169 2742 γὰρ
1200 2651 1494 2736 πολλοὺς
1520 2612 1783 2746 βροτῶν
1811 2654 2087 2740 σεμνούς
2117 2676 2426 2747 γεγωτας.
2512 2657 2649 2723 Non

283 2758 542 2824 debebat
577 2759 898 2826 Elmsleius
936 2760 1292 2825 scholiastae
1337 2760 1613 2844 obloqui,
1665 2761 1826 2826 idem
1863 2762 1982 2826 boc
2031 2762 2366 2843 significare
2414 2762 2650 2827 docenti

292 2864 460 2947 quod
491 2860 769 2947 σεμνούς
796 2860 1292 2948 νομιζομένουςε
1321 2865 1468 2950 quin
1495 2865 1684 2931 illud
1666 2886 1889 2950 ipsum,
1920 2867 2079 2950 quod
2113 2866 2428 2931 Elmsleius
2457 2866 2650 2949 ponit,

287 2962 572 3050 σεμνοὺς
600 2957 831 3046 ὄντας,
873 2967 928 3032 si
955 2977 1134 3052 poeta
1164 2970 1540 3053 scripsisset,
1572 2971 1789 3036 eodem
1819 2988 2006 3035 sensu
2032 2970 2443 3055 accipiendum
2472 2970 2647 3033 foret.

283 3070 444 3136 Nam
470 3088 601 3135 non
627 3071 704 3135 de
730 3071 1025 3147 moribus,
1057 3092 1213 3156 quos
1242 3074 1377 3157 quis
1405 3094 1542 3139 vere
1569 3075 1799 3151 babeat,
1832 3075 1941 3138 sed
1971 3073 2092 3138 de
2073 3074 2169 3152 nis,
2199 3093 2356 3157 quos
2385 3072 2650 3137 bomini-

285 3175 408 3239 bus
436 3173 652 3239 babere
679 3174 975 3251 videatur,
1011 3175 1278 3241 Medeam
1307 3176 1469 3260 loqui
1498 3198 1567 3244 ea
1606 3198 1758 3262 quae
1786 3185 2119 3260 sequuntur
2146 3177 2529 3241 manifestum
2559 3180 2649 3242 ta·

281 3278 457 3343 ciunt
485 3298 553 3345 οι
583 3273 776 3344 da}—
804 3273 1161 3345 δύσκλειαν
1186 3273 1554 3374 ἐκτήσαντο
1575 3276 1694 3347 καὶ
1722 3272 2089 3369 ρᾳθυμίαν,
2119 3281 2181 3345 b.
2213 3301 2265 3346 e.
2298 3274 2654 3345 δύσκλειαν

285 3373 674 3469 ῥᾳθυμίας,
712 3391 775 3447 et
799 3401 855 3446 ν.
888 3380 1013 3447 214
1055 3377 1212 3471 δίκη
1253 3380 1380 3469 γὰρ
1422 3377 1544 3449 οὐκ
1582 3375 1793 3450 ἔνεστ’
1837 3378 1906 3450 ἐν
1938 3378 2347 3474 ὀφθαλμοῖς
2373 3381 2651 3471 βροτῶν,

289 3480 489 3565 ὅστις
515 3481 680 3575 πρὶν
703 3478 950 3574 ανδρὸς
978 3481 1360 3573 σπλάγχνον
1383 3481 1717 3571 ἐκμαθεῖν
1744 3487 2008 3579 σαφῶς,
2040 3489 2269 3574 στυγεῖ
2297 3483 2651 3578 δεδορκιῦς.

285 3592 370 3657 Et
394 3587 632 3675 σεμνὸν
656 3587 978 3677 γενέσθαι
994 3593 1069 3658 de
1087 3612 1181 3669 eo,
1202 3593 1306 3677 qui
1324 3611 1453 3657 non
1468 3594 1708 3678 quidem
1738 3613 1952 3679 reapse
1979 3593 2281 3678 superbus
2311 3591 2437 3671 sit,
2430 3592 2549 3657 sed
2576 3592 2651 3657 ab

249 3765 256 3770 ,
287 3695 638 3761 bominibus
668 3705 868 3762 tamen
895 3717 1007 3781 pro
1039 3696 1303 3781 superbo
1332 3697 1641 3776 habeatur,
1666 3717 1794 3763 non
1824 3699 2014 3781 magis
2040 3696 2195 3763 mire
2212 3697 2443 3763 dictum
2466 3670 2653 3778 sidu-i

285 3808 523 3886 potest,
539 3819 732 3884 quam
762 3795 1136 3889 σεμνότητα
1162 3797 1397 3885 λαβεῖν
1424 3822 1478 3867 v.
1509 3803 1891 3891 κεκτῆσθαι
1922 3803 2136 3867 eodem
2176 3820 2364 3867 sensu
2400 3800 2650 3874 dictum,

289 3904 804 3988 qumodmodum
833 3925 886 3969 v.
911 3925 962 3971 c.
995 3896 1239 3970 κακίαν
1263 3898 1652 3989 ἀντιλαβειν
1679 3908 1838 3991 apud
1861 3905 2268 3990 Thucydidem
2284 3905 2390 3982 m,
2418 3900 2505 3969 58
2526 3920 2655 3967 non

285 4008 346 4073 is
374 4009 625 4084 dicitur,
657 4008 762 4092 qui
791 4026 1005 4091 reapse
1033 4009 1362 4074 malitiam
1345 4028 1409 4074 m
1437 4029 1505 4073 se
1531 4010 1815 4105 suscipit,
1843 4010 1948 4074 sed
1992 4009 2094 4091 qui
2122 4009 2384 4108 malitiae
2406 4006 2655 4072 infami-

289 4131 390 4177 am
428 4112 757 4190 contrahit,
795 4120 897 4177 aut
937 4103 1130 4189 ὅστις
1147 4108 1235 4176 τὰ
1262 4134 1354 4200 μη
1387 4107 1731 4201 προσόντα
1756 4107 2076 4200 κέκτηται
2116 4103 2295 4177 κακά
2320 4110 2483 4195 apud
2502 4110 2652 4176 Eur.

287 4214 420 4280 Hel.
448 4214 608 4292 281,
644 4215 750 4301 qui
789 4214 956 4292 vitia,
994 4233 1303 4299 quaenon
1338 4217 1548 4295 babet,
1588 4215 1808 4284 babere
1844 4216 2368 4293 tamena-editur,
2386 4211 2657 4303 ιιιιιήν

291 4313 696 4486 δυῗῐιιιέβειαν
738 4309 1074 4407 εὐσεβουᾶ
1116 4313 1495 4410 ἐκτησάμην
1530 4342 1629 4407 ap.
1659 4320 1847 4406 Soph.
1895 4322 2093 4404 Antig.
2132 4320 2292 4490 92ἐ1.
2324 4339 2514 4405 -φιιιι
2540 4323 2655 4404 9⁸⁸⁰

275 4476 292 4486 .
466 4468 483 4485 .
2166 4428 2193 4489 1
