3102 4866
1568 288 1692 357 188

452 480 783 566 adaptaret,
826 482 946 546 boc
980 501 1161 548 suum
1191 481 1508 548 artificium
1536 490 1915 546 commmtus
1942 487 2069 558 est,
2105 486 2506 565 magnopere,
2540 491 2613 547 ut
2636 481 2798 548 arbi-

451 593 612 661 tror,
648 583 1121 669 etaSopboclis
1160 585 1445 670 elegantia
1481 585 1895 651 etaGraecae
1931 585 2624 668 linguaeconsuemdine
2657 586 2811 651 alie-

449 705 641 753 num..
708 687 861 752 Nam
900 688 1063 771 quod
1103 690 1336 754 confert
1372 688 1735 773 Thucydidis
1772 690 1975 755 locum
2013 689 2122 765 III,
2176 687 2288 752 36:
2344 681 2673 771 μετάνοια
2720 677 2805 778 ἦν

453 781 815 867 αὐτοῖςκαὶ
831 780 1302 876 ἀναλογισμός,
1333 784 1517 875 ὠμὰν
1535 788 1619 856 τὸ
1646 786 1983 877 βούλευμα
2012 787 2377 879 ἐγνῶσθαι,
2408 786 2616 857 πόλιν
2643 784 2807 882 ὅλην

454 889 870 981 διαφθεῖραι
911 890 1189 978 μᾶλλον,
1237 886 1287 985 ἢ
1316 887 1398 962 οὔ
1425 892 1588 973 τούς
1625 886 1915 977 αἰτίους,
1960 897 2121 980 quod
2158 896 2318 961 idm
2355 915 2493 961 esse
2528 895 2676 961 dicit
2711 908 2803 961 at·

450 1014 594 1080 que:
617 987 719 1074 ,οὗ
747 993 908 1076 τούς
935 989 1222 1079 αἰτίους,
1268 990 1441 1064 ἀλλὰ
1470 994 1726 1082 μᾶλλον
1768 995 1976 1065 πόλιν
2012 993 2197 1089 ὅληνε
2240 1001 2340 1066 bie
2376 1018 2620 1085 quoque
2647 1002 2805 1065 ratio

448 1120 588 1167 eum
616 1101 892 1168 sdellisse
920 1103 1167 1169 videtur.
1237 1104 1534 1169 Nolumus
1564 1103 1805 1187 quidem
1833 1103 1975 1168 illud
2002 1104 2184 1169 nimIs
2214 1123 2441 1189 urgere,
2467 1104 2633 1189 quod
2660 1103 2807 1169 Rei·

449 1206 637 1290 sigius
681 1207 917 1272 monuit
957 1207 1034 1272 ad
1062 1206 1347 1291 Sophocl.
1438 1207 1588 1273 Oed.
1628 1206 1754 1271 Col.
1800 1226 2018 1272 comm.
2082 1207 2211 1273 crit.
2253 1227 2316 1292 p.
2354 1207 2512 1286 238,
2564 1225 2645 1273 ne
2685 1208 2809 1273 hoc

447 1309 690 1394 quidem
732 1299 902 1373 ἀλλὰ
947 1305 1199 1392 μᾶλλον
1242 1305 1447 1376 πόλιν
1488 1302 1648 1399 ὃλην
1689 1311 2015 1377 sententiae
2058 1311 2422 1390 satisfacere,
2464 1311 2583 1377 nisi
2622 1311 2806 1376 etiam

446 1405 653 1495 μόνον
678 1412 758 1477 ad
783 1403 861 1477 οὗ
887 1409 1048 1491 τούς
1075 1405 1338 1492 αἰτίους
1365 1415 1743 1499 suppleatur3
1771 1415 1993 1499 quippe
2011 1425 2137 1488 tota
2157 1416 2306 1480 urbe
2333 1402 2535 1481 eversa
2556 1434 2808 1481 necesse

449 1516 636 1581 fuisse
664 1523 744 1580 ut
760 1515 938 1580 etiam
970 1526 1176 1581 sontes
1206 1517 1496 1600 perirent3
1544 1519 1654 1583 sed
1692 1519 2160 1601 prudentissime
2196 1519 2376 1584 nobis
2413 1520 2490 1585 de
2526 1521 2641 1585 bae
2676 1522 2807 1585 ror·

448 1619 614 1684 mula
658 1614 918 1701 μᾶλλον
951 1607 1001 1704 ἢ
1038 1609 1119 1684 οὗ
1154 1619 1559 1686 Buttmannus
1606 1621 1965 1689 dissemisse
1998 1624 2232 1689 videtur
2268 1624 2342 1689 ad
2380 1624 2806 1690 Demosthenis

447 1723 694 1788 Midian.
713 1742 777 1806 p.
825 1724 1158 1787 144.145.
1243 1723 1542 1808 „,Quippe
1548 1732 1587 1760 “
1618 1727 1768 1803 ait„
1773 1727 1893 1811 ,qui
1922 1727 2092 1806 dicit,
2119 1723 2322 1793 τοῦτο
2346 1723 2608 1811 μᾶλλον
2633 1749 2806 1797 ποι-

362 1845 369 1853 ·
421 1820 592 1912 ·η’σω
619 1815 682 1913 ἢ
694 1819 927 1907 ἐκεῖνο,
957 1827 1438 1893 affirmationead
1465 1824 1668 1894 τοῦτο
1688 1832 1886 1929 relata,
1913 1840 2116 1896 mente
2145 1842 2322 1915 negat
2346 1832 2505 1897 idm
2525 1832 2809 1916 respectu

446 1923 732 1996 ἐκείνους
784 1931 945 2015 quod
985 1932 1218 1998 suffecit
1254 1933 1387 1997 usui
1438 1932 1512 1998 ad
1550 1920 1943 2016 effingendam
1982 1936 2301 2000 formulam
2326 1932 2580 2018 μᾶλλων
2606 1927 2656 2024 ἢ
2683 1928 2808 2003 οὐκ

446 2018 735 2101 ἒκὲἷνο.“
817 2034 1131 2102 Consentit
1158 2055 1296 2101 cum
1334 2035 1703 2101 Buttmanno
1742 2037 1918 2102 etiam
1948 2040 2099 2122 Aug.
2145 2039 2423 2104 Matthiae
2465 2058 2555 2122 gr.
2599 2040 2700 2104 Gr.
2738 2060 2804 2124 p.

448 2140 600 2205 805.
633 2140 728 2204 ed.
771 2160 917 2217 sec-3
954 2140 1278 2224 eademque
1322 2140 1497 2205 etiam
1538 2139 1839 2206 Sebaereri
1876 2144 2169 2208 sententia
2218 2162 2356 2209 esse
2389 2143 2651 2223 videtur,
2702 2145 2809 2228 qui

446 2245 512 2309 in
544 2254 676 2309 not.
712 2245 792 2310 ad
826 2245 1137 2309 Demostb.
1178 2254 1328 2309 orat.
1375 2244 1439 2308 in
1478 2245 1742 2310 Timotb.
1783 2246 2087 2330 p.1198,
2129 2249 2208 2312 15
2249 2257 2386 2331 apte
2437 2250 2809 2332 comparavit
2872 2332 2891 2343 N

449 2348 751 2415 Gallorum
791 2356 968 2431 atque
1004 2348 1288 2413 Italorum
1323 2348 1573 2427 idioma,
1622 2369 1696 2414 ne
1724 2360 1784 2415 et
1824 2370 1948 2415 non
1976 2352 2328 2436 ponentium
2357 2362 2500 2437 post
2523 2352 2667 2439 plus
2692 2372 2805 2439 que
2920 2399 2930 2407 -

445 2455 642 2539 et-pe’is
664 2450 812 2542 ebe.
873 2453 1064 2517 Aliam
1091 2452 1248 2517 viam
1277 2452 1605 2534 ingreditur
1631 2454 1925 2539 Reisigius
1954 2456 1993 2519 l.
2022 2456 2086 2533 1.,
2116 2474 2331 2521 rursus
2361 2456 2539 2521 aliam
2565 2457 2805 2523 Eduar-

353 2571 415 2625 ’8
451 2560 568 2625 dus
595 2556 894 2622 Haeniscb
920 2557 993 2621 ad
1022 2556 1233 2640 Lysiae
1259 2559 1618 2623 amatorium
1647 2579 1708 2643 p.
1742 2562 1854 2637 463
1893 2561 1999 2625 sed
2031 2561 2105 2625 de
2145 2561 2242 2625 bis
2273 2578 2436 2625 nunc
2464 2562 2804 2627 accuratius

447 2664 748 2747 disputare
785 2679 914 2725 non
951 2671 1135 2726 vacat.
1220 2662 1429 2726 Restat
1467 2662 1629 2726 enim
1666 2676 1734 2728 ut
1762 2665 2066 2729 videamus
2104 2665 2179 2729 de
2214 2684 2355 2729 vera
2392 2665 2626 2729 ratione
2662 2684 2801 2730 ver·

447 2786 628 2834 suum
665 2765 1138 2851 Sophoclem-um
1180 2765 1335 2830 inter
1373 2786 1441 2830 se
1479 2766 2018 2843 conciliandorum,
2059 2787 2174 2851 qua
2212 2767 2288 2831 de
2314 2787 2383 2832 re
2410 2768 2654 2852 probari
2681 2787 2803 2833 no-

446 2873 543 2938 bis
580 2869 843 2936 Triclinii
881 2869 1232 2934 sententiam
1285 2888 1471 2954 supra
1510 2870 1795 2948 diximus,
1848 2871 2047 2955 paullo
2077 2882 2276 2935 tamen
2322 2873 2653 2937 accuratius
2693 2893 2801 2938 ex·

323 2988 330 2993 ’
444 2977 798 3062 plicandam.
830 3033 836 3041 .
883 2974 1116 3058 Nempe
1142 2975 1366 3040 dixerat
1393 2967 1807 3056 Agamemnon
1836 2974 2078 3058 Ajacem
2115 2994 2411 3059 nusquam
2444 2976 2649 3054 fuisse,
2679 2977 2802 3041 nisi

267 3096 272 3102 ’
305 3162 312 3166 .
444 3081 549 3147 ubi
576 3080 721 3174 ‘ipse
759 3097 999 3163 quoque
1038 3079 1300 3143 fuisset..
1356 3077 1487 3142 Hoc
1524 3079 1751 3143 Teucer
1790 3079 1854 3143 in
1893 3099 2026 3144 eam
2069 3078 2421 3144 sententiam
2464 3081 2801 3165 detorquet,

445 3185 619 3270 quasi
662 3184 907 3269 'Ajacem
958 3184 1369 3265 Agame-non
1419 3201 1674 3266 usquam
1726 3182 1913 3247 fuisse
1961 3185 2274 3266 negaverit.
2374 3182 2609 3249 Scilicet
2645 3187 2801 3268 Aga-

443 3295 830 3355 memnonem
858 3305 1157 3369 nusquam
1187 3287 1370 3351 l'uisse
1405 3286 1667 3352 indicare
1702 3287 1841 3351 vult.
1933 3287 2168 3364 Quodsi
2208 3290 2619 3370 Agamemnon
2648 3307 2799 3353 nus·

429 3412 625 3476 -quam
652 3391 862 3465 fuerit,
911 3390 1056 3472 Aiax
1083 3400 1280 3456 autem
1309 3409 1607 3474 nusquam
1645 3390 1762 3455 nisi
1792 3390 1893 3455 ubi
1921 3393 2353 3474 Agamemnon,
2381 3392 2635 3457 efficitur
2660 3394 2801 3477 Aja-

402 3573 407 3577 ,
445 3515 576 3561 cem
602 3512 729 3560 non
757 3494 946 3577 magis
976 3513 1229 3577 usquam
1260 3494 1461 3558 ruisse.
1547 3498 1740 3577 Atque
1766 3495 1886 3559 hoc
1923 3495 2004 3560 ita
2032 3496 2277 3580 planum
2308 3505 2485 3580 atque
2513 3496 2682 3562 facile
2706 3498 2798 3562 vi·

444 3601 634 3678 detur,
660 3607 733 3663 ut
759 3598 1002 3663 verbum
1030 3616 1158 3663 non
1186 3598 1444 3681 amplius
1473 3598 1811 3663 addendum
1841 3600 1985 3663 sit.-

498 3753 502 3760 .
619 3702 799 3784 Quod
825 3701 1123 3785 reliquum
1152 3710 1273 3779 est,
1315 3701 1605 3766 monendi
1647 3700 1824 3765 nobis
1864 3702 2039 3778 estis,
2077 3701 2565 3783 commilitones,
2603 3715 2674 3769 ut
2710 3707 2797 3770 fe-

440 3806 697 3886 riarum,
726 3824 875 3889 quas
904 3806 1178 3891 proxime
1204 3806 1426 3871 instare
1453 3806 1683 3882 nostis,
1737 3805 1862 3869 otio
1898 3804 2052 3870 bene
2090 3825 2162 3871 ac
2201 3807 2516 3874 salubriter
2552 3809 2615 3873 h.
2645 3829 2697 3875 e.
2734 3811 2799 3874 in

441 3913 696 3978 honesta
711 3909 893 3976 animi
923 3919 1100 3993 atque
1119 3909 1393 3994 corporis
1422 3911 1812 3987 recreatione,
1840 3928 1967 3975 non
1994 3928 2105 3994 per
2124 3911 2413 3978 desidiam
2433 3923 2607 3997 atque
2627 3913 2797 3996 igna-

441 4015 600 4082 viam
627 4023 1021 4098 consumpto,
1058 4014 1133 4078 ad
1163 4013 1442 4079 hibernas
1471 4013 1741 4090 scholas,
1783 4032 1931 4098 quas
1963 4013 2145 4079 Vobis
2177 3999 2522 4093 indicimus,
2562 4025 2795 4101 tempe-

445 4120 595 4185 stive
621 4119 898 4196 redeatis,
929 4118 1262 4202 oblatisque
1291 4117 1558 4183 discendi
1587 4117 2135 4201 opportunitatibus
2164 4121 2387 4186 naviter
2416 4129 2591 4206 atque
2617 4121 2797 4187 Indu·

441 4224 589 4289 strie
613 4223 890 4288 utamini.
942 4222 1157 4288 valete,

617 4326 745 4391 Ser.
791 4324 1289 4408 Gryphiswaldiae
1318 4344 1400 4389 m.
1428 4327 1698 4408 Augusto
1731 4343 1785 4389 a.
1814 4326 2323 4394 MDCCCXXVIII.
