3102 4866
1421 290 1690 394 1“”Ῑ’1---Δ
2218 246 2233 301 ³

297 492 742 568 exaequaretur,
769 503 957 568 eaque
981 469 1376 568 tnnspositio
1401 490 1568 546 tanto
1599 480 1799 545 minus
1821 466 2227 565 improbabilis
2255 479 2437 546 videri
2458 476 2653 556 debet,

299 588 469 671 quod
495 588 560 653 in
589 588 794 653 codice
824 589 1002 654 Farn.
1032 587 1315 672 particula
1342 595 1487 670 post
1509 577 1954 669 χρυσόπαστα
1980 584 2159 668 plane
2178 601 2304 649 non
2327 594 2649 668 compmt.

284 691 496 756 Porro
550 692 787 757 codices
849 693 1075 758 babent
1121 684 1624 776 παλιντρόποις
1668 677 1931 771 ὄμμασι
1971 679 2260 768 λιποῢᾶ,
2306 708 2457 774 quae
2504 688 2648 753 item
2683 697 2754 751 33

295 796 720 878 responsionis
751 816 926 863 causa
952 788 1401 880 tnnspd'nenda
1427 796 1707 859 fuerunt¹
1729 794 1813 872 ⁰).
1871 791 2139 857 Eandem
2167 790 2248 856 ob
2269 811 2508 858 causam
2536 810 2651 876 pro

298 892 469 963 ὅσια
503 900 718 984 scripsi
757 893 1156 985 ὁσιότροπα,
1181 898 1553 979 -vocabulum
1589 897 1727 963 licet
1753 896 1895 960 alias
1933 894 2192 960 fortasse
2241 913 2368 962 non
2416 897 2653 974 lectum,

298 1011 463 1067 recte
492 1012 691 1069 tamen
719 1006 1061 1078 formatum,
1087 1010 1160 1066 ut
1189 993 1677 1088 ὁμοιότροπος,
1721 994 2160 1087 κακότροπος,
2206 991 2657 1085 αἶολότροπος

284 1115 371 1170 ·et
397 1106 640 1171 similia:
672 1125 850 1189 quam
878 1106 1045 1171 facile
1074 1114 1273 1171 autem
1301 1106 1455 1170 duae
1483 1105 1738 1189 syllabae
1763 1114 2104 1190 postremae
2122 1113 2371 1188 propter
2397 1102 2654 1186 sequens

285 1228 482 1293 προς
506 1244 594 1258 -
622 1210 888 1275 excidere
913 1210 1237 1294 potuerint,
1268 1209 1332 1272 in
1361 1217 1570 1293 aperto
1593 1218 1727 1274 est.-
1761 1209 2024 1293 Denique
2064 1208 2227 1292 quod
2254 1206 2317 1271 in
2349 1204 2652 1273 codicibus

197 1328 210 1339 ·
297 1312 513 1394 legitur
537 1315 661 1378 τοῦ
688 1322 833 1397 post
861 1306 1197 1398 προσέβα,
1238 1312 1553 1377 articulum
1590 1313 1713 1377 buc
1747 1333 1820 1377 ex
1858 1321 2148 1396 sequente
2186 1329 2364 1375 versu
2411 1310 2652 1374 venisse

297 1414 684 1480 Her-mannus
736 1425 980 1493 censet,-
1020 1435 1206 1501 quum
1259 1434 1441 1500 supra
1492 1416 1753 1499 scriptus
1792 1425 1951 1482 esset
1988 1415 2063 1481 ad
2100 1408 2428 1480 πλούτους
2470 1413 2652 1496 idque

299 1518 465 1583 haud
493 1519 670 1585 dubie
696 1538 904 1586 verum
929 1529 1047 1586 est.
1237 1542 1242 1553 ·
1299 1545 1321 1561 ··
2412 1552 2427 1604 ,ι
2465 1565 2469 1571 -

475 1622 545 1686 In
573 1625 910 1707 anapaestis
940 1624 1107 1688 chori
1142 1628 1657 1708 Agamemnonem
1696 1625 2100 1690 advenientem
2133 1621 2442 1688 salutantis
2492 1560 2652 1705 quod

297 1725 515 1807 legitur
567 1746 625 1790 v.
686 1727 839 1804 769,
894 1721 1160 1814 θάρσος
1210 1722 1519 1795 ἑκούσιον
1578 1719 1864 1814 ἀνδράσι
1911 1720 2288 1846 θνήσκουσι
2342 1718 2652 1809 κομίζων,

296 1826 704 1894 Her-mannus
721 1831 1164 1915 interpretando
1181 1833 1356 1898 tueri
1393 1841 1643 1899 conatus
1671 1840 1797 1896 est:
1834 1832 2060 1896 dictum
2097 1831 2256 1895 enim
2285 1849 2421 1896 esse
2446 1828 2654 1894 acerbe

293 1932 379 1996 de
406 1934 707 1999 mortifera
736 1935 1133 2019 expeditione,
1162 1937 1390 2001 vexisse
1414 1936 1923 2020 Agamemnonem
1956 1935 2063 2017 (ad
2093 1935 2369 2014 Troiam)
2400 1942 2652 2017 sponta-

293 2053 480 2100 neam
508 2037 808 2103 audaciam
838 2039 997 2103 mori
1026 2039 1359 2104 volentibus
1388 2040 1554 2104 viris.
1611 2039 1739 2122 Ego
1762 2038 1907 2103 mibi
1930 2039 2078 2104 baec
2098 2056 2223 2103 non
2243 2038 2449 2103 minus
2470 2039 2661 2121 quam'

287 2157 510 2221 graeca
540 2141 796 2207 obscura
824 2161 962 2207 esse
989 2143 1205 2217 fateor,
1237 2161 1424 2226 quum
1449 2159 1644 2226 neque
1672 2142 1776 2225 qui
1807 2142 1930 2206 sint
1956 2142 2035 2206 illi
2064 2141 2222 2206 mori
2250 2141 2514 2206 volentes
2540 2140 2652 2205 viri

293 2240 635 2325 intelligam,
665 2244 882 2327 quibus
904 2246 1272 2328 Agamemno
1304 2253 1700 2329 spontaneam
1727 2244 2031 2310 audaciam
2061 2246 2137 2309 ad
2158 2245 2399 2310 Troiam
2412 2244 2654 2321 vexerit,

293 2363 495 2428 neque
531 2348 869 2413 volentes
908 2349 1093 2413 mori
1128 2356 1446 2433 propterea
1486 2348 1604 2412 iam
1635 2347 2044 2414 morientes
2075 2348 2187 2413 dici
2216 2348 2492 2431 potuisse
2516 2367 2652 2414 ωο-

296 2450 462 2514 dam.
518 2450 840 2517 Verissime
869 2453 1386 2518 aliiemendarunt
1427 2447 1696 2537 θράσος
1736 2441 2094 2519 άκούσιονε
2137 2463 2198 2517 et
2222 2446 2492 2538 θράσος
2517 2452 2653 2535 q'ui-

295 2553 443 2617 dem
470 2553 649 2618 etiam
677 2555 741 2618 in
770 2555 903 2620 cod.
931 2556 1092 2621 Flor.
1123 2557 1413 2639 scriptum
1443 2566 1562 2632 est3
1591 2556 1956 2640 reliquenmt
1983 2565 2183 2622 autem
2209 2556 2479 2641 ineptum
2506 2556 2652 2621 illud

292 2649 699 2742 θνήσκουσι,
742 2659 1081 2743 pariterque
1109 2660 1183 2724 de
1211 2660 1601 2725 morituris
1629 2671 1732 2725 aut
1758 2661 1914 2724 mori
1943 2679 2067 2725 non
2096 2659 2507 2725 remeantibus
2534 2659 2654 2725 dici
2796 2719 2801 2722 .

293 2759 574 2842 potuisse
629 2761 856 2845 opinati
899 2772 1059 2827 sunt.
1137 2762 1279 2826 Mihi
1319 2781 1677 2845 persuasum
1716 2771 1809 2828 est
1848 2763 2208 2846 Aeschylum
2243 2772 2364 2828 tam
2406 2763 2655 2827 mirifice

294 2880 431 2927 non
478 2864 794 2947 loquutum
844 2885 1006 2944 esse,
1059 2866 1168 2930 sed
1228 2867 1319 2952 sic
1374 2869 1609 2950 potius:
1666 2860 1934 2951 θράσος
1974 2858 2296 2932 ἀκούσιον
2336 2857 2661 2950 άνδράσιν

296 2949 685 3032 ἀποκνοῧσι
723 2960 1036 3052 κομίζων.
1081 2968 1141 3032 b.
1182 2989 1235 3033 e.
1288 2943 1659 3035 audaciam
1701 2970 2267 3035 involuntariam
2324 2970 2656 3034 asserens

299 3074 392 3145 (s.
421 3069 846 3153 iniungens)
875 3071 1056 3136 viris
1085 3072 1696 3149 detrectantibus,
1738 3083 1806 3137 ut
1845 3073 2219 3155 significetur
2267 3073 2425 3137 cives
2476 3073 2657 3137 etiam

297 3173 524 3237 invitos
561 3194 597 3239 a
635 3192 775 3257 rege
811 3184 1054 3241 coactos
1095 3194 1229 3240 esse
1265 3176 1338 3241 ad
1369 3177 1838 3260 expeditionem.
1922 3176 2010 3241 Ex
2058 3165 2434 3242 α’ποκνοῦσι
2471 3194 2656 3259 quum

297 3266 748 3342 ἀποθανοῦσι
776 3279 998 3343 sacmm
1028 3288 1215 3356 esset,
1246 3280 1366 3346 boc
1395 3289 1766 3345 correctores
1796 3256 2049 3364 propter
2074 3287 2333 3344 metrum
2362 3279 2504 3344 ferri
2531 3296 2659 3343 non

291 3398 489 3463 posse
517 3380 948 3464 intelligentes
930 3401 994 3446 in
1020 3377 1396 3469 θνήσκουσι
1427 3392 1752 3448 mutarunt.
1842 3382 2126 3447 Coniiciat
2158 3382 2369 3466 aliquis
2410 3373 2661 3468 ἄνδρά-

297 3501 440 3562 σιν·
459 3473 755 3562 ὀκνοῦσι,
801 3504 986 3568 quum
1023 3486 1251 3551 facibus
1287 3488 1474 3551 etiam
1496 3476 1767 3551 οκνοῦσι
1795 3486 1858 3550 iu
1886 3486 2180 3551 θανοῦσι
2209 3485 2514 3569 corrumpi
2538 3503 2658 3568 po-

299 3585 512 3662 tuerit,
540 3594 602 3649 et
628 3586 717 3650 sic
741 3581 1119 3674 θνήσκουσι
1150 3609 1185 3655 a
1209 3590 1647 3655 correctoribus
1668 3589 1846 3672 poni,·
1873 3589 1977 3654 sed
2003 3607 2134 3654 non
2165 3589 2342 3654 medo
2354 3587 2661 3653 tamenab

299 3690 594 3771 Aeschylo
623 3690 879 3773 primam
909 3691 1063 3757 illius
1091 3693 1254 3757 verbi
1284 3694 1564 3777 syllabam
1587 3693 1667 3758 'in
1695 3692 1887 3757 thesi
1916 3692 2271 3776 productam
2302 3711 2473 3757 ωσι·
2566 3739 2571 3745 -

295 3825 302 3830 ’
477 3793 547 3857 In
574 3793 851 3877 proximo
882 3796 1144 3862 diverbio
1175 3797 1669 3880 Clytaemnestrae
1697 3804 1759 3860 et
1786 3797 2283 3879 Agamemnonis,
2311 3795 2473 3879 quod
2501 3794 2659 3859 illam

447 4093 531 4161 10)
567 4093 648 4147 Ne
672 4094 972 4163 sicquidem
997 4095 1147 4164 plane
1171 4111 1359 4165 respon
1294 4096 1452 4149 ondet
1472 4095 1732 4165 stropbieo
1755 4095 2127 4164 antisti-ophira,
2162 4095 2209 4147 si
2230 4091 2438 4149 rector
2459 4108 2510 4146 v.
2524 4107 2663 4148 vsa·

301 4197 377 4254 ρο
364 4173 414 4233 ’ν
435 4196 528 4249 pro
562 4186 841 4250 anapaesto
877 4179 1107 4233 babetur.
1157 4175 1259 4234 Sed
1294 4182 1465 4248 licuit,
1502 4183 1708 4259 opinor,
1742 4181 2002 4250 Aeschylo
1972 4181 2093 4233 ooli
2062 4197 2124 4233 oc
2149 4195 2244 4250 per
2276 4180 2541 4250 synizesin
2562 4194 2661 4250 pro

303 4265 782 4336 iambousurpare,
827 4267 1306 4337 quodgenussyni
1310 4283 1522 4332 zeseos,
1555 4268 2011 4370 maviani-um,
2047 4274 2350 4320 nonnulle
2385 4266 2663 4319 inauditum

303 4350 762 4410 asellemannus
785 4360 978 4418 monet,
1001 4351 1165 4405 Elem.
1190 4353 1255 4405 do
1258 4343 1364 4406 οτι-ἶ
1375 4360 1527 4406 metr.
1554 4370 1606 4422 p.
1632 4352 1719 4407 53.
2644 4375 2654 4386 ·

392 4437 493 4502 111.
1688 4447 1701 4482 ¹
2177 4440 2257 4505 12
