3102 4866
1344 293 1353 302 '
1409 291 1534 359 169

289 486 401 554 λοι
426 487 516 552 rei
544 484 818 572 publicae
837 504 1131 571 praeesse.
1187 485 1283 549 An
1310 503 1481 561 vero,
1511 483 1568 549 si
1590 482 2114 568 Clytaemnestram
2137 500 2276 546 cum
2295 478 2638 545 Hermanno

290 592 590 676 designari
627 592 953 670 sumimus,
994 591 1128 676 plus
1161 589 1359 655 bellici
1392 588 1633 653 roboris
1674 587 1737 653 in
1778 589 2024 654 muliere
2071 606 2250 721 quam
2292 588 2359 652 in
2397 584 2640 651 sonibus

288 697 476 762 fuisse
503 693 820 762 dicemus?
2233 712 2239 717 ’
2330 710 2339 727 ’

461 801 532 866 In
561 802 830 866 oratione
858 800 1352 884 Clytaemestrae
1376 818 1431 863 v,
1463 799 1589 863 271
1622 816 1787 882 sqq.:

696 898 1062 992 ὑπερτελής
1100 923 1204 986 τε,
1250 896 1503 969 πόντον
1543 894 1720 970 ὥστε
1760 893 2071 983 νωτίσαι,

699 1001 887 1091 ἰσχὺς
926 1004 1263 1097 πορευτοῦ
1303 987 1668 1090 λαμπάδος
1706 997 1881 1096 πρὸς
1919 996 2183 1094 ἡδονὴν
2265 1032 2275 1045 ·

697 1107 950 1200 πεύκης
991 1109 1072 1178 τὸ
1109 1107 1578 1201 χρυσοφεγγές
1625 1133 1719 1191 ως
1756 1132 1864 1190 τις
1903 1102 2122 1198 ἥλιος,

697 1211 898 1295 σέλας
937 1209 1466 1309 παραγγείλασα
1494 1209 1864 1297 Μακίστου
1909 1214 2277 1293 σκοπαῖς.

287 1323 668 1408 probandum
706 1331 798 1387 est
836 1322 999 1406 quod
1035 1320 1417 1386 Hermannus
1455 1321 1700 1404 scripsit
1737 1316 2008 1408 σκοπῷε
2058 1319 2165 1384 sed
2191 1319 2258 1384 in
2299 1320 2643 1405 explicanda

287 1429 470 1494 totius
499 1428 620 1493 loci
650 1436 948 1492 structura
978 1427 1198 1492 trustra
1225 1425 1530 1492 laboravit.
1591 1425 1971 1490 Desideratur
1990 1424 2198 1507 utique
2225 1425 2472 1516 verbum
2501 1426 2642 1499 tini·

287 1542 445 1611 tum,
475 1534 654 1617 idque
681 1532 1013 1616 intelligens
1041 1516 1474 1615 Bambergerus
1506 1530 1890 1614 sagacissima
1919 1530 2258 1594 coniectura
2286 1527 2645 1619 παρηγγεί-

287 1656 480 1722 ρευσε
543 1656 655 1720 pro
709 1629 1223 1725 παραγγείλασα
1271 1636 1612 1722 proposuit.
1704 1635 1770 1699 ld
1827 1653 2013 1718 quum
2072 1634 2424 1718 explicatum
2483 1642 2646 1701 esset

288 1741 592 1825 adscripto
632 1741 812 1805 verbo
851 1741 1071 1806 usitato
1111 1734 1546 1829 παρήγγειλε,
1584 1741 1703 1804 boc
1740 1740 1943 1824 ipsum
1972 1758 2007 1803 a
2035 1738 2292 1803 librariis
2322 1739 2478 1805 illius
2504 1740 2641 1807 loco

285 1845 608 1929 scriptum,
640 1865 712 1912 ac
739 1846 876 1910 dein
903 1865 938 1910 a
967 1845 1403 1911 correctoribus
1434 1847 1611 1910 metri
1641 1864 1821 1910 causa
1856 1845 1919 1908 in
1960 1836 2483 1933 παραγγείλασα·
2504 1863 2642 1911 mu·

286 1960 475 2015 tatum
505 1970 642 2016 esse
670 1970 957 2035 perquam
987 1952 1111 2015 veri
1141 1950 1334 2015 simile
1362 1960 1473 2015 est.
1532 1949 1663 2014 Nisi
1703 1949 1838 2032 quis
1878 1951 2033 2014 forte
2059 1949 2199 2014 illud
2238 1951 2443 2033 potius
2469 1946 2646 2038 πρὸς

284 2047 532 2143 ἡδονήν
572 2057 639 2120 in
674 2074 851 2121 versu
881 2054 1146 2120 secundo
1184 2055 1452 2119 vitiatum
1481 2073 1621 2118 esse
1649 2044 1867 2132 credat,
1893 2054 2475 2139 permutandumque
2503 2075 2640 2122 cum

286 2161 483 2244 aliquo
513 2161 696 2225 verbo
726 2160 925 2239 finito,
955 2159 1114 2225 velut
1142 2153 1532 2247 προηλάθη.
1593 2158 1659 2223 Id
1698 2158 1847 2222 mibi
1888 2158 2030 2223 olim
2068 2159 2135 2223 in
2171 2171 2435 2225 mentem
2464 2161 2643 2238 venit,

285 2272 422 2329 ante
461 2283 640 2348 quam
679 2265 1056 2348 Bambergeri
1093 2263 1578 2328 emendationem
1614 2281 1895 2328 nossem:
1935 2281 2101 2355 nunc
2135 2265 2340 2329 nescio
2379 2284 2459 2330 an
2495 2266 2646 2331 baec

283 2370 672 2454 praeferenda
707 2370 805 2436 sit.
857 2404 944 2418 —
993 2370 1065 2435 ln
1102 2368 1308 2435 eadem
1346 2367 1841 2453 Clytaemestrae
1883 2368 2157 2433 oratione
2192 2389 2247 2433 v.
2278 2368 2434 2450 289,
2473 2371 2638 2456 quod
2672 2379 2742 2433 26

287 2476 522 2539 codices
551 2475 771 2540 habent
799 2463 1045 2562 ὤτρυνε
1085 2469 1353 2556 θεσμὸν
1393 2469 1485 2562 μὴ
1529 2465 2021 2557 χαρίζεσθαι
2060 2468 2300 2562 πυρός,
2348 2475 2641 2541 Herman-

283 2597 407 2644 nus
439 2598 577 2645 cum
606 2580 735 2645 aliis
776 2579 1192 2663 compluribus
1231 2578 1487 2644 mutavit
1523 2579 1591 2643 in
1625 2574 1720 2666 μή
1762 2569 2200 2660 χατίζεσθαι,
2240 2581 2404 2663 quod
2454 2581 2641 2647 inter·
2738 2657 2743 2664 ,

283 2692 585 2767 pretatur:
614 2702 702 2749 ne
732 2685 1292 2749 desideraretur
1329 2684 1390 2747 h.
1420 2701 1471 2746 e.
1510 2701 1601 2747 ne.
1628 2684 1975 2748 destitueret
2010 2691 2442 2767 exspectantes.
2500 2686 2644 2750 Mihi

286 2788 657 2872 probabilius
687 2788 920 2853 videtur
949 2788 1303 2872 Aeschylum
1334 2788 1652 2870 scripsisse
1679 2780 1778 2874 μή
1790 2781 2250 2874 χρονίζεσθαι,
2281 2807 2369 2853 ne
2398 2800 2464 2854 ta
2477 2789 2641 2855 rda-

281 2900 509 2957 retur.
592 2893 676 2958 Cf.
720 2893 882 2977 Sept.
916 2892 989 2956 ad
1021 2893 1212 2958 Theb.
1245 2912 1298 2957 v.
1332 2894 1444 2957 54:
1473 2886 1594 2956 καὶ
1623 2887 1834 2956 τῶνδε
1875 2886 2130 2971 πύστις
2173 2893 2341 2974 (sive
2368 2886 2641 2973 πίστις)

283 2991 410 3062 οὐκ
457 2986 631 3086 όκνῳ
672 2990 1076 3084 χρονίζεται,
1122 2997 1185 3062 in
1216 3016 1338 3081 quo
1370 3016 1547 3061 versu
1578 2997 1718 3061 item
1745 2989 2093 3083 χαρίζεται
2122 3018 2237 3082 pro
2267 2988 2642 3083 χρονίζεται

279 3103 575 3185 scriptum
605 3111 699 3167 est
726 3104 789 3166 in
812 3102 1054 3168 Stobaei
1076 3101 1283 3167 codice
1307 3101 1630 3181 A.,F10ril.
1660 3102 1780 3178 Vll,
1811 3101 1913 3167 86.

253 3255 262 3260 .
457 3205 742 3289 Sequitur
791 3207 960 3271 chori
999 3200 1344 3284 eustanum,
1373 3206 1971 3290 praestantissimum
2019 3206 2165 3270 illud
2217 3206 2487 3289 quidem,
2537 3207 2643 3272 sed

281 3310 510 3394 aliquot
535 3311 685 3375 locis
715 3311 863 3376 adeo
893 3330 927 3374 a
955 3310 1210 3375 librariis
1243 3321 1615 3395 corruptum,
1642 3320 1710 3375 ut
1729 3311 1904 3395 plane
1927 3311 2169 3394 intelligi
2191 3319 2458 3395 nequeat.
2509 3312 2644 3377 Pri·

281 3434 457 3480 mum
499 3415 561 3480 in
598 3415 848 3500 stropha
886 3414 1108 3498 prima,
1149 3423 1470 3498 postquam
1522 3415 1746 3480 dictum
1787 3423 1907 3494 est,
1945 3415 2168 3500 impios
2220 3433 2356 3479 esse
2397 3415 2499 3499 qui
2541 3435 2642 3482 res

281 3521 579 3585 humanas
600 3539 636 3584 a
658 3519 771 3584 diis
795 3518 1016 3601 respici
1036 3527 1095 3582 et
1116 3518 1269 3583 male
1291 3519 1439 3583 facta
1463 3519 1663 3603 puniri
1690 3529 1927 3602 negent,
1949 3520 2096 3584 haec
2114 3518 2642 3603 legunttu·‚v.358:
2725 3601 2736 3610 θ

697 3616 1048 3711 πέφανται
1092 3613 1548 3709 δ’ἕγγόνους

698 3715 1179 3814 ατολμήτων”
1132 3747 1259 3814 αρη

697 3823 1033 3896 πνεόντων
1072 3818 1390 3914 μεῖζον
1340 3852 1382 3918 η
1432 3822 1736 3910 δικαίως.

281 3937 668 4002 Hermannus
700 3935 909 4000 edidit·
949 3930 1300 4026 πέφανται
1345 3925 1783 4019 δ’ἐκγόνοις
1825 3927 2233 4026 ατολμήτως
2269 3927 2437 4026 ’Άρη
2482 3920 2659 4003 me?

285 4027 660 4128 όπαινμῆ.
695 4036 753 4105 δ.
785 4040 963 4124 idque
991 4041 1438 4124 interpretatur.
1468 4042 1812 4125 apparuit
1841 4044 2030 4108 natis
2061 4023 2645 4108 intolerabiliter

285 4148 625 4211 maiorem
657 4163 865 4228 quam
907 4147 1011 4209 fas
1042 4145 1514 4210 eratblartem
1546 4147 2014 4230 spirantium.
2103 4148 2261 4225 Quid
2289 4149 2646 4230 apparuerit,
2693 4149 2709 4164 ⁰

286 4269 321 4312 e
351 4249 761 4332 superioribus
787 4249 1032 4331 intelligi
1060 4250 1205 4328 vult,
1235 4269 1451 4334 nempe
1479 4250 1739 4315 divinam
1769 4250 1922 4314 male
1952 4249 2244 4317 factorum
2268 4251 2644 4318 animadver-

286 4351 540 4418 sionem.
604 4355 782 4438 Atqui
822 4355 970 4419 baec
1007 4370 1172 4418 nunc
1208 4355 1447 4438 quidem
1485 4373 1613 4419 non
1642 4356 1800 4419 natis
1832 4354 1954 4419 sive
1983 4356 2244 4440 posteris
2275 4348 2647 4441 (ἐκγόνοις),
