3102 4866
1509 348 1815 451 G.⁸

356 558 428 617 ut
448 548 711 649 licuerit
730 560 941 636 poetae
976 551 1097 615 hoc
1139 549 1618 615 subaudiendum
1656 549 1834 614 nobis
1885 548 2235 630 relinquere·
2331 536 2467 613 Alii,
2518 540 2718 617 Simu

356 663 479 720 tam
518 655 724 721 frivola
754 656 1130 732 defensione,
1160 655 1352 738 ipsam
1383 655 1587 738 potius
1617 654 1924 736 caliginem
1953 653 2201 736 figurate
2228 646 2443 710 dictam
2470 655 2715 720 accepe-

357 769 506 826 runt
550 760 630 825 de
678 761 893 825 timore
944 768 1177 824 mentes
1229 760 1597 824 Graecorum
1648 759 1820 842 quasi
1869 764 2246 830 occaecante,
2299 773 2479 834 quem
2528 775 2717 838 quum

362 864 591 947 Iupiter
624 863 918 939 iniecerit,
961 866 1041 944 (v.
1074 862 1201 928 593
1230 857 1440 950 θέλγει
1483 858 1561 928 δὲ
1587 858 1816 947 θυμὸν
1861 853 2226 947 Ἀργείων),
2267 875 2435 955 nunc
2459 859 2719 924 Minerva

358 986 571 1034 rursus
593 967 852 1033 adimere
874 968 1120 1034 dicatur.
1173 966 1700 1034 ldrecentioribus
1725 967 2081 1051 quibusdam
2105 964 2345 1049 placuit,
2371 963 2720 1047 Koeppenio

364 1072 571 1137 saltem
610 1080 674 1136 et
704 1072 950 1151 Bothio,
986 1073 1237 1157 praeivit
1263 1081 1463 1137 autem
1492 1073 1613 1137 iam
1641 1072 2018 1146 Eustathius,
2059 1070 2217 1153 apud
2259 1087 2438 1152 quem
2464 1067 2723 1132 Minerva

363 1165 524 1263 0⁸th
566 1172 819 1265 φυσική
859 1166 1203 1266 φρόνὴσις,
1223 1177 1423 1259 caligo
1454 1184 1654 1242 autem
1683 1168 1726 1262 ἦ
1758 1170 1835 1254 ἐξ
1860 1165 2168 1259 ἀθυμίας
2196 1164 2398 1255 ἅχλύς
2439 1163 2483 1259 ἦ
2529 1166 2726 1262 δίκην
2855 1208 2858 1211 ’

364 1274 606 1367 νέφους
645 1276 747 1366 τῷ
790 1274 862 1346 ἐν
902 1273 1063 1368 ἡμῖν
1105 1271 1375 1367 ὄπτικῷ
1416 1273 2006 1366 ἕπιπροσθέουσα.
2095 1278 2322 1344 Hocine
2358 1279 2538 1361 igitur
2573 1298 2722 1362 pro·

367 1385 670 1460 habimus,
724 1404 803 1448 an
850 1404 993 1449 eum
1032 1386 1241 1469 potius
1272 1385 1635 1462 audiemus,
1677 1383 1949 1468 quisquis
1987 1383 2039 1447 is
2084 1384 2412 1460 est,-cuius
2443 1384 2504 1447 in
2534 1383 2723 1448 schol.

367 1488 585 1553 Victor.
634 1490 899 1572 suspicio
950 1490 1253 1572 proditur:
1293 1483 1522 1575 λέγοις
1564 1479 1661 1566 ὥς
1706 1481 1937 1554 λείπει
1979 1477 2151 1552 ἄλλα
2192 1481 2577 1573 ποιήματα,
2623 1479 2725 1552 δι’

364 1579 457 1657 ὧν
508 1585 886 1679 {dcclvii-mo
934 1589 1166 1658 ταῦτα.
1275 1593 1505 1678 Nempe
1559 1595 1779 1659 factum
1831 1601 1924 1657 est
1971 1593 2093 1657 hoc
2139 1592 2274 1656 loco
2325 1592 2512 1669 idem,
2563 1593 2725 1675 quod

246 1692 251 1701 '
366 1696 563 1779 paullo
601 1706 739 1761 ante
775 1697 839 1761 in
864 1696 1280 1780 'Hyperenoris
1317 1717 1519 1783 pugna
1561 1718 1699 1764 cum
1726 1698 1992 1763 Menelao
2023 1699 2240 1761 l'acmm
2270 1715 2406 1760 esse
2440 1696 2726 1779 suspicati

226 1794 277 1845 -*
369 1819 612 1875 sumus,
657 1808 723 1863 ut
760 1820 832 1864 ex
870 1803 1118 1885 antiquo
1157 1802 1421 1868 carmine
1455 1813 1628 1886 parte
1663 1803 1855 1886 aliqua
1889 1809 2144 1878 resecta,
2182 1800 2468 1865 nonnulla
2509 1809 2725 1873 tamen,

369 1923 520 1988 quae
570 1903 709 1969 illuc
756 1906 1150 1988 respicerent,
1203 1927 1313 1990 per
1362 1908 1653 1973 incuriam
1696 1908 2190 1991 relinquerentur.
2297 1906 2488 1988 Atque
2538 1904 2730 1968 simile
2813 1927 2823 1932 ·

370 2008 513 2092 qnid
541 2008 718 2072 etiam
748 2007 899 2074 libro
929 2011 1024 2087 vl,
1058 2011 1183 2076 337
1216 2011 1503 2076 accidisse
1532 2013 1831 2096 suspicor,
1868 2012 1974 2077 ubi
2006 2012 2150 2075 item
2181 2009 2453 2075 nonnulli
2481 2009 2557 2074 ad
2586 2009 2732 2074 illud

373 2131 551 2177 suum
617 2107 792 2177 κατὰ
840 2110 925 2178 τὸ
992 2109 1431 2198 σιωπώμενον
1495 2117 1865 2200 confugiunt.
1973 2117 2275 2181 Excitatus
2340 2115 2415 2179 ab
2479 2113 2734 2178 Hectore

374 2217 726 2293 Alexander,
778 2227 848 2282 ut
896 2220 960 2283 in
1009 2221 1303 2303 proelium
1354 2226 1708 2300 revertatur,
1763 2229 2038 2305 paratum
2090 2240 2157 2285 se
2207 2238 2369 2297 esse,
2420 2226 2481 2282 et
2528 2217 2735 2282 uxoris

310 2335 337 2387 ἰ
378 2340 617 2405 quoque
643 2321 875 2387 blandis
904 2324 1344 2390 hortationibus
1373 2325 1700 2409 impulsum
1730 2325 2075 2410 respondet,
2107 2321 2219 2389 νῦν
2255 2317 2336 2390 δέ
2373 2343 2459 2407 με
2488 2341 2737 2409 παρει-

376 2416 589 2492 ποῧσ’
643 2415 884 2508 &loxos
934 2424 1268 2511 μαλακοῖς
1318 2423 1643 2497 ἐπέεσσιν·
1682 2420 1944 2517 ὥρμησ’
2009 2422 2081 2508 ἐς
2145 2422 2461 2513 πόλεμον.
2555 2427 2736 2510 Atqui

374 2533 451 2596 de
477 2531 707 2596 blandis
735 2533 976 2616 quidem
1005 2534 1205 2599 verbis
1231 2535 1501 2612 Helenae,
1531 2535 1749 2618 quibus
1781 2536 1874 2601 illa
1901 2534 2182 2600 maritum
2220 2525 2294 2598 ad
2324 2532 2734 2616 proeliandum

380 2637 611 2700 hortata
654 2637 759 2713 sit,
809 2637 957 2701 nihil
997 2638 1320 2722 quidquam
1360 2648 1528 2705 antea
1568 2649 1969 2705 memoratum
2001 2647 2131 2703 ‘est-
2220 2638 2498 2703 Oneravit
2533 2637 2735 2721 potius

376 2740 770 2805 Alexandrum
802 2741 1102 2819 conviciis,
1130 2744 1426 2824 ignaviam
1455 2743 1850 2826 exprobravit,
1882 2763 2021 2809 cum
2049 2743 2327 2808 irrisione
2356 2740 2737 2807 acerbissima

379 2843 439 2920 „i
476 2850 677 2908 nunc“
718 2845 863 2909 dixit
903 2848 1097 2921 ,=,offer
1125 2855 1183 2910 te
1221 2866 1436 2911 rursus
1464 2848 1541 2912 ad
1570 2857 1869 2913 certamen
1895 2847 2188 2924 Menela03
2227 2865 2373 2910 sane
2401 2833 2735 2908 consultius

379 2947 509 3022 erit,
543 2948 639 3011 tali
670 2967 866 3031 pugna
896 2950 1325 3026 abstinere,‘ne
1354 2971 1497 3016 mox
1534 2961 1592 3016 te
1614 2951 1768 3017 illius
1799 2953 1967 3017 hasta
1988 2956 2368 3035 prosternat“
2395 2948 2491 3023 111,
2522 2946 2737 3013 428-

381 3050 528 3115 436.
625 3051 787 3116 Haec
825 3074 1003 3137 quam
1041 3054 1220 3139 longe
1258 3075 1294 3119 a
1329 3054 1561 3120 blandis
1599 3055 1797 3120 verbis
1847 3054 2230 3131 abhorreant,
2279 3054 2341 3117 in
2379 3061 2586 3136 aperto
2626 3060 2736 3115 est.

380 3153 772 3220 statuendum
812 3157 992 3238 igitur
1028 3168 1132 3224 aut
1167 3158 1482 3224 mentitum
1521 3150 2093 3225 esseAlexandrum
2134 3166 2384 3243 propter
2420 3155 2736 3240 pudorem,

381 3266 481 3322 aut
510 3258 790 3323 Helenam
821 3272 964 3344 post
992 3262 1398 3340 concubitum,
1429 3283 1614 3347 quem
1638 3264 1721 3328 illi
1749 3264 1909 3329 haud
1949 3263 2128 3328 invita
2169 3259 2544 3327 concessisse
2571 3258 2737 3322 vide·

380 3372 492 3439 tur,
519 3363 789 3445 mitigato
821 3365 1022 3430 animo
1052 3367 1339 3449 placidius
1370 3367 1650 3433 maritum
1680 3378 1981 3433 tractasse.
2072 3367 2173 3431 Sic
2197 3366 2396 3430 visum
2425 3363 2740 3438 veteribus,

383 3467 483 3549 qui
536 3462 986 3554 παραμυθίαν
1030 3468 1284 3535 Helenae
1298 3518 1314 3545 ‚
1367 3472 1429 3536 h.
1468 3492 1518 3536 e.
1574 3473 1827 3538 amicam
1878 3471 2354 3537 exhortationem
2369 3517 2385 3544 ‚
2439 3463 2612 3533 κατὰ
2662 3463 2746 3532 io*

380 3564 826 3652 σιωπώμενον
867 3573 1172 3638 subaudiri
1201 3574 1424 3639 iubent.
1514 3576 1634 3640 Sed
1662 3584 1758 3640 est
1794 3576 2046 3640 alterum
2074 3575 2150 3638 in·
2166 3573 2374 3638 eadem
2402 3573 2746 3638 narratione

381 3673 819 3739 offendiculum.
915 3677 1319 3761 Reprehendit
1367 3679 1527 3743 enim
1567 3679 1790 3743 Hector
1825 3678 2219 3743 Alexandrum
2233 3726 2249 3753 ,
2303 3697 2355 3741 v.
2397 3677 2541 3753 326,
2581 3676 2744 3760 quod

382 3786 633 3861 propter
678 3777 830 3843 iram
868 3780 1101 3864 proelio
1142 3782 1459 3859 abstineat,
1510 3783 1642 3867 ipse
1691 3791 1890 3847 autem
1927 3781 2283 3857 Alexander,
2309 3785 2382 3845 'v.
2423 3779 2549 3845 335
2588 3799 2741 3862 sqq„

380 3901 566 3966 quum
584 3897 721 3946 ⁴non
751 3893 873 3947 tam
902 3883 1022 3948 irae
1053 3893 1114 3948 et
1142 3884 1529 3967 indignationi
1545 3935 1562 3962 ‚
1605 3891 1785 3970 quam
1816 3885 2012 3950 dolori
2040 3904 2107 3949 se
2135 3886 2456 3950 indulsisse
2482 3900 2743 3966 respon-

379 3986 500 4062 det,
529 3986 818 4068 significat
846 3997 1044 4052 tamen
1074 3989 1230 4054 haud
1261 3990 1562 4073 ambigue,
1602 3991 1778 4055 etiam
1808 3990 1931 4055 irae
1960 3997 2021 4054 et
2047 3988 2470 4073 indignationis
2502 4003 2742 4050 causam

383 4089 501 4155 sibi
529 4109 657 4154 non
674 4091 965 4176 demisse.
1055 4093 1171 4157 Sed
1204 4113 1389 4177 quum
1420 4094 1565 4161 nihil
1591 4094 1938 4161 huiusmodi
1967 4097 2043 4161 ab
2071 4096 2337 4160 Homero
2368 4108 2744 4155 commemo-

383 4202 579 4259 ratum
608 4195 702 4272 sit,
732 4214 947 4261 rursus
977 4196 1052 4259 ad
1084 4198 1484 4263 coniecturam
1515 4217 1614 4262 res
1644 4199 1824 4275 redit,
1847 4207 1932 4264 *ut
1961 4219 2113 4283 quae
2127 4198 2241 4262 ille
2268 4194 2542 4261 disertius
2583 4192 2743 4257 indi·

386 4316 519 4374 care
547 4300 905 4381 supersedit,
948 4299 1061 4384 ipsi
1103 4302 1423 4367 subaudire
1458 4297 1634 4365 κατὰ
1676 4299 1757 4366 τό
1791 4296 2244 4385 ’σιωπώμενον
2273 4318 2579 4366 conemur.
2669 4297 2744 4361 Et

384 4401 758 4487 praeiverunt
798 4404 919 4469 iam
962 4415 1203 4474 veteres.
1294 4399 1391 4473 ‘H
1429 4402 1678 4494 διπλῆ,
1731 4407 1923 4491 inquit
1961 4407 2156 4473 schol.
2201 4407 2290 4482 A„
2335 4398 2444 4472 ὅτι
2488 4393 2749 4489 ἄπορον
