3102 4866
1638 310 1759 374 194

518 521 699 567 aaut
726 505 1080 586 impietatem
1105 510 1285 563 nacta
1306 518 1467 574 sum,
1509 503 1570 566 h.
1602 522 1653 566 e.
1685 500 2006 586 impietatis
2048 480 2274 564 crimen
2309 503 2372 565 in
2404 519 2503 564 me
2534 499 2873 565 coniectum

519 615 730 671 est.—
751 604 1098 670 Matthiaeus
1129 612 1344 680 autem,
1375 605 1476 687 qui
1507 601 1789 689 σεμνοὺς
1816 600 2110 689 γεγῶτας
2138 604 2460 667 convertit:
2491 623 2777 688 moyseum
2806 603 2877 667 de

517 729 582 774 ar
606 710 1097 774 motionum
1127 712 1515 789 concitarunt,
1555 710 1669 775 loci
1699 711 1994 776 rationem
2022 726 2148 772 non
2179 706 2325 771 satis
2356 716 2731 791 perspectam
2764 708 2878 771 ba·

516 812 726 878 buisse
749 811 998 877 videtur.
1087 812 1223 876 Non
1252 812 1414 879 enim
1444 814 1518 879 de
1546 833 1764 898 magna
1792 812 2244 887 existimatione,
2273 812 2382 875 sed
2413 812 2488 875 de
2516 811 2639 875 vitii
2668 813 2879 895 suspi-

519 918 694 984 cione
709 918 910 983 Medea
925 918 1209 1001 loquitur,
1233 918 1551 1003 omnisque
1581 918 1911 984 sententiae
1940 928 2115 981 tenor
2140 915 2239 980 hic
2265 923 2375 991 est,
2404 924 2472 979 ut
2499 933 2747 980 causam
2771 935 2881 979 ex·

495 1020 731 1106 ponat,
762 1042 870 1087 cur
896 1024 1059 1087 foras
1087 1042 1411 1108 progressa
1439 1024 1545 1099 sit,
1588 1032 1799 1089 contra
1837 1023 2061 1088 scilicet
2097 1039 2276 1104 quam
2315 1020 2508 1103 ipsius
2549 1019 2791 1083 animus
2822 1027 2886 1083 et
2979 1044 2991 1057 ·

516 1125 747 1210 patrius
778 1147 943 1206 mos,
980 1127 1204 1212 quippe
1231 1128 1482 1193 Asiauae
1519 1127 1814 1203 mulieris,
1845 1126 2085 1191 ferebat.
2174 1125 2427 1208 Egressa
2467 1142 2624 1199 sum,
2664 1123 2885 1206 iuquit,

516 1247 595 1293 ne
622 1250 731 1295 vos
762 1250 861 1296 me
881 1230 1251 1314 vituperetis:
1282 1231 1409 1297 scio
1438 1234 1598 1298 enim
1630 1251 1809 1315 quam
1833 1231 2099 1315 prompti
2122 1230 2402 1294 homines
2434 1229 2506 1293 ad
2532 1228 2886 1311 vituperan-

519 1333 664 1399 dum
693 1354 830 1400 esse
862 1335 1091 1401 soleant
1132 1354 1430 1421 quamque
1461 1336 1627 1403 facile
1656 1336 1791 1402 vitia
1820 1335 1989 1401 alteri
2015 1335 2312 1418 affingant.
2367 1333 2500 1398 Duo
2532 1343 2734 1398 autem
2766 1352 2886 1416 po-

520 1438 822 1502 tissimum
860 1457 1074 1521 genera
1119 1440 1393 1505 vitiorum
1432 1451 1890 1515 commemorat,
1943 1460 2012 1504 ea
2051 1438 2300 1514 scilicet,
2352 1457 2608 1521 quorum
2654 1438 2886 1503 crimen

522 1541 654 1619 sibi,
685 1542 738 1606 si
765 1561 889 1606 non
918 1539 1159 1625 egressa
1191 1545 1371 1619 foret,
1415 1544 1666 1608 maxime
1696 1544 2029 1607 timendum
2062 1543 2247 1606 fuisse
2277 1541 2534 1615 videbat,
2565 1541 2888 1626 superbiae

521 1657 624 1710 aut
660 1645 942 1729 ignaviae.
1031 1640 1286 1728 Σεμνάς
1335 1655 1531 1712 autem
1587 1666 2016 1731 saepenumero
2068 1645 2390 1730 superbum
2440 1646 2738 1730 significat
2786 1655 2887 1709 aut

520 1767 659 1814 eum
699 1750 800 1834 qui
835 1751 1101 1815 affectata
1143 1751 1399 1834 quadam
1439 1751 1718 1833 gravitate
1756 1761 1818 1816 et
1853 1751 2155 1834 dignitatis
2195 1749 2594 1815 ostentatione
2634 1749 2885 1831 conspi-

520 1871 670 1917 cuus
699 1862 811 1919 est.
899 1854 1078 1919 Cont‘.
1106 1854 1410 1938 Hippolyt.
1440 1875 1492 1919 v.
1524 1856 1638 1928 92,
1669 1874 1844 1939 quem
1876 1856 2074 1919 locum
2108 1855 2224 1919 iam
2257 1852 2569 1918 Elmsleius
2612 1852 2884 1925 contulit,

520 1959 746 2039 μισεῖν
759 1954 1106 2039 τὸοεμνόν
1135 1954 1251 2022 καὶ
1281 1954 1365 2024 τὸ
1388 1955 1481 2046 μή
1505 1961 1723 2024 πᾶσιν
1751 1950 1967 2047 φίλον,
2000 1958 2092 2022 cui
2126 1978 2267 2023 mox
2295 1978 2348 2021 v.
2373 1959 2457 2023 94
2479 1953 2561 2021 τὸ
2590 1948 2887 2043 εὐπροσ-

458 2080 488 2133 7
524 2054 768 2147 ήγορον
795 2062 1141 2145 opponitur.
1232 2062 1379 2125 Add.
1412 2061 1621 2126 Muret.
1654 2063 1786 2127 Var.
1812 2061 1994 2126 Lectt.
2020 2081 2081 2144 p.
2113 2061 2239 2125 234
2265 2062 2440 2127 Wolf.
2473 2070 2532 2125 et
2556 2061 2885 2143 Spanhem.

524 2164 620 2228 aa.
650 2164 956 2247 Aristoph.
985 2164 1141 2243 uui».
1175 2185 1227 2228 v.
1261 2165 1362 2230 48.
2740 2204 2745 2210 -
2880 2150 2889 2156 ’

700 2267 870 2332 Vera.
912 2268 1073 2332 279:
1135 2263 1591 2352 ξυμβάλλεται
1645 2265 1720 2335 δὲ
1774 2265 1999 2336 πολλοὶ
2050 2266 2250 2335 τοῦδε
2302 2260 2645 2350 δείματος.
2738 2268 2885 2332 Mat-

525 2371 758 2437 thiaeus
798 2370 1119 2454 genitivum
1161 2382 1475 2458 propterea
1519 2374 1785 2457 positum
1826 2394 1963 2438 esse
2002 2374 2213 2451 credit,
2267 2373 2403 2457 quia
2439 2379 2648 2457 poeta,
2702 2390 2885 2456 quum

527 2470 981 2600 ξυμβάλλεται
1011 2475 1325 2553 scriberet,
1367 2480 1639 2561 cogitarit
1684 2480 1760 2544 de
1786 2472 2244 2565 συνάρασθαι,
2285 2468 2890 2560 συλλαμβάνεσθαί

524 2600 710 2659 τινος
737 2574 1151 2667 πράγματος,
1186 2582 1496 2657 adiuvare,
1530 2583 1700 2648 cuius
1719 2583 1805 2648 vis
1837 2584 1899 2648 in
1933 2577 2470 2666 συμβάλλεσθαι,
2503 2586 2782 2666 conferre
2812 2581 2888 2643 ad

497 2682 773 2768 ‚aliqud
804 2683 1250 2766 quodammodo
1282 2684 1439 2749 insit.
1511 2686 1688 2763 Quod
1720 2695 2030 2770 comparat
2054 2686 2199 2749 haec
2228 2684 2384 2748 inter
2412 2704 2498 2760 se,
2532 2702 2658 2749 non
2690 2693 2888 2768 potest

525 2786 908 2870 reprehendi.
960 2787 1144 2851 modo
1195 2806 1271 2850 ne
1308 2788 1631 2870 genitivum
1673 2789 1747 2853 ad
1786 2782 2307 2871 συμβάλλεσθαι
2338 2787 2607 2871 positum
2638 2807 2709 2851 ex
2739 2808 2887 2872 qua-

526 2892 666 2957 dam
712 2891 1149 2976 permutatione
1190 2891 1455 2956 notionis
1496 2892 1906 2975 explicandum
1948 2899 2237 2975 putasset.
2330 2891 2436 2955 Est
2475 2892 2639 2955 enim
2679 2892 2886 2956 eadem

525 2993 843 3078 utrobique
879 3003 1211 3059 structurae
1252 2994 1434 3071 ratio,
1488 3006 1556 3060 ut
1594 2996 1885 3079 genitivus
1926 2995 2237 3079 partitivus
2287 2994 2391 3070 sit,
2442 2995 2820 3080 pendeatque
2854 3016 2887 3059 a

528 3098 930 3164 subaudienda
961 3099 1147 3182 partis
1179 3098 1445 3174 notione,
1475 3099 1981 3182 quemadmodum
2013 3097 2226 3183 ipsein
2257 3099 2645 3180 grammatica
2668 3120 2728 3184 p.
2761 3099 2884 3166 633

527 3212 588 3268 et
616 3202 744 3267 624
774 3202 995 3268 rectius
1026 3220 1206 3287 quam
1239 3201 1302 3265 in
1333 3210 1656 3267 comment.
1690 3204 1764 3267 ad
1796 3204 1855 3266 h.
1886 3203 1923 3265 l.
1958 3201 2224 3286 exponit.
2310 3203 2557 3268 Mirifice
2586 3224 2717 3268 rem
2748 3224 2888 3288 per-

524 3306 730 3371 turbat
755 3307 1090 3390 Pflugkius,
1135 3307 1509 3371 confundens
1541 3307 1804 3391 primum
1836 3305 2151 3388 Mnsgravii
2182 3306 2476 3371 rationem
2506 3327 2541 3371 a
2569 3308 2884 3373 Matthiaeo

433 3457 443 3466 .
526 3410 592 3474 in
629 3410 826 3494 prima
864 3411 1282 3494 grammaticae
1311 3409 1571 3475 editione
1621 3432 1681 3495 p.
1724 3410 1849 3476 434
1880 3411 2224 3495 adoptatam
2276 3429 2412 3475 cum
2453 3411 2662 3488 altera,
2706 3432 2883 3497 quam

529 3506 837 3601 δεύτεραι
857 3505 1211 3603 φροντίδες
1238 3508 1626 3601 αοφῶτεραι
1652 3516 2131 3601 suppeditarunt,
2162 3519 2325 3596 (nam
2351 3515 2725 3599 Musgravius
2753 3517 2884 3600 qui·

526 3617 666 3681 dem
695 3618 858 3683 bunc
888 3619 1217 3740 genitivum
1240 3628 1550 3702 comparat
1579 3638 1715 3683 cum
1745 3615 2041 3684 eiusmo'di
2071 3619 2393 3735 exemplis„
2391 3620 2563 3702 quale
2593 3628 2688 3684 est
2717 3639 2885 3706 προ-

525 3714 757 3810 φέρειν
784 3714 949 3787 ὀδοῦ
969 3749 1054 3770 ....
1084 3711 1284 3809 ἔργου
1311 3740 1407 3805 ap.
1440 3720 1685 3786 Hesiod.
1717 3722 1788 3794 Ο.
1820 3731 1881 3787 et
1904 3723 1975 3787 D.
2009 3742 2062 3786 v.
2101 3723 2241 3786 179.
2271 3718 2393 3787 τοῦ
2421 3719 2727 3807 πολέμου
2763 3745 2884 3788 κο-

523 3820 660 3902 λῶς
684 3817 1173 3890 καθιπαοιθαι
1202 3845 1297 3908 ap.
1331 3824 1523 3890 Thuc.
1565 3824 1672 3902 111,
1704 3825 1788 3890 92
1819 3833 1879 3889 et
1907 3824 2226 3903 similibus,
2259 3826 2321 3890 in
2349 3826 2567 3911 quibus
2596 3829 2687 3891 vis
2717 3828 2882 3910 geni-

522 3928 624 3993 tivi
651 3928 801 3994 baec
827 3937 946 4004 est,
995 3939 1064 3994 ut
1091 3929 1401 3993 notionem
1434 3928 1565 3993 eius
1597 3928 1690 3994 cui
1728 3930 1963 3994 additur
1991 3930 2258 3995 vocabuli
2287 3930 2737 4014 quodammodo
2776 3930 2881 3995 de·

525 4032 694 4098 finiat
717 4041 1188 4099 commemorata
1227 4053 1292 4098 re
1323 4032 1396 4096 ad
1429 4051 1609 4115 quam
1641 4033 1734 4096 illa
1764 4035 2085 4117 pertineat,
2124 4055 2274 4119 quae
2312 4036 2400 4100 vis
2429 4056 2462 4100 a
2493 4034 2766 4119 partitiva
2797 4036 2881 4098 si·

526 4137 902 4222 gnificatione
942 4156 1086 4202 sane
1115 4137 1346 4202 diversa
1375 4139 1520 4218 est.)
1568 4134 1702 4200 dein
1756 4139 1885 4221 ipse
1926 4138 2248 4220 genitivum
2280 4160 2311 4203 a
2357 4132 2582 4203 πολλά
2620 4138 2882 4221 pendere

523 4250 813 4320 statuens,
859 4249 928 4307 ut
957 4236 1182 4307 πολλὰ
1210 4237 1413 4307 τοῦδε
1443 4232 1764 4324 δείματος
1791 4236 2245 4325 συμβάλλεται
2285 4241 2601 4325 significet:
2660 4242 2882 4308 multae

520 4344 702 4412 Ικιιῐιιο
725 4349 957 4412 timon’s
988 4364 1201 4411 comae
1231 4348 1619 4412 cononum.-
1652 4344 1819 4429 quasi
1850 4340 2371 4431 συμβάλλεσθαι
2402 4347 2481 4411 sit
2500 4347 2541 4410 i.
2562 4365 2621 4429 q.
2651 4342 2881 4435 συνέρ-
