3102 4866
1383 309 1507 376 150

269 479 604 566 σύνδικον,
657 495 893 569 praeter
927 487 1198 570 vulgares
1232 482 1728 569 significationes,
1779 481 1955 547 etiam
1978 480 2046 567 id
2084 497 2219 545 esse
2246 486 2424 562 puto,
2472 478 2638 571 quod

165 602 170 606 ’
268 590 443 655 alicui
470 600 629 655 recte
656 598 719 655 et
746 591 1139 656 condecenter
1166 588 1506 656 conveniat·
1541 605 1742 673 neqpe
1778 585 1941 650 enim
1969 558 2251 649 diversae·
2263 583 2483 667 stirpis
2490 589 2644 649 sunt

269 688 429 783 δίκη
469 704 531 760 et
579 696 807 761 decet.
899 695 1003 760 Sic
1038 696 1365 772 Pindarus,
1405 711 1594 777 quum
1630 689 2053 776 phormingem
2094 688 2237 753 dicit
2261 666 2557 773 Apollinis
2582 695 2645 750 et

271 799 583 865 Musarum
622 793 936 866 σύνδικον
972 794 1272 875 κτέανον,
1324 815 1452 863 non
1500 812 1885 861 communem
1938 792 2035 855 his
2076 793 2183 856 sed
2222 800 2423 877 aptam
2463 800 2644 887 atque

269 903 588 969 decentem
625 903 791 980 dicit,
840 913 1020 987 atque
1058 904 1150 969 sic
1176 901 1532 986 Aeschylus,
1580 919 1769 984 quum
1814 897 2117 980 Thyesten
2155 914 2268 979 pro
2307 902 2644 961 acroamate

272 1008 524 1073 convivii
546 1009 705 1073 diras
728 1007 1075 1073 devotiones
1098 999 1426 1083 συνδίκως
1452 1004 1808 1069 inclamasse
1837 1000 1998 1078 dicit,
2016 999 2079 1064 id
2102 1019 2242 1065 eum
2263 982 2420 1065 iuste
2441 999 2645 1093 reique

271 1112 465 1177 atroci
492 1111 887 1176 condecenter
914 1111 1134 1177 fecisse
1163 1110 1330 1187 dicit,
1359 1109 1674 1249 potuitque
1702 1107 1916 1172 eodem
1945 1122 2131 1171 sensu
2160 1103 2337 1170 etiam
2364 1095 2648 1235 ἐνδίκως

445 1370 792 1454 Perpetrato
824 1372 1084 1437 facinore
1112 1372 1186 1438 ab
1207 1373 1386 1437 Atreo
1417 1389 1553 1435 sese
1574 1370 1772 1433 adbuc
1800 1346 2110 1452 parvulum
2134 1385 2272 1431 cum
2293 1374 2462 1485 patre
2487 1374 2644 1431 tem
2687 1369 2752 1424 18

271 1473 587 1559 expulsum
619 1495 754 1540 esse
780 1476 1100 1595 Aegisthus
1129 1483 1427 1593 memorat
1454 1495 1508 1538 v.
1545 1473 1740 1538 1573:
2065 1502 2075 1509 ·
2550 1503 2561 1513 ·

678 1606 907 1698 τρίτον
950 1609 1077 1700 γὰρ
1119 1603 1284 1681 ’ὄντα
1323 1604 1394 1697 μ’
1431 1606 1582 1690 ,ἐπὶ
1628 1608 1672 1677 δ
1681 1601 1792 1677 ἐκ
1834 1565 2067 1697 αθλίῳ
2093 1606 2310 1696 πατρὶ

683 1712 1132 1798 συνεξελαύνει
1173 1713 1428 1784 τυτθὸν
1473 1705 1605 1781 ’ὄντ’
1647 1708 1718 1781 ἐν
1761 1708 2194 1802 σπαργάνοις.

275 1856 593 1921 Tredecim
615 1857 909 1943 Thyestae
936 1859 1093 1924 lilios
1117 1859 1302 1923 ruisse
1332 1875 1513 1922 nemo
1536 1863 1859 1919 memorat·
1889 1861 2011 1917 tres
2040 1861 2273 1917 tantum
2294 1860 2397 1917 aut
2421 1872 2457 1917 a
2485 1870 2645 1917 non-

274 1959 453 2025 nullis
508 1970 792 2044 quattuor
831 1962 1021 2026 misse
1067 1961 1362 2026 dicuntur.
1467 1959 1677 2041 Neque
1718 1959 1919 2041 ipsum
1968 1977 2078 2041 per
2119 1977 2187 2022 se
2225 1956 2504 2023 credibile
2538 1954 2650 2037 est,

275 2064 591 2129 duodecim
637 2063 713 2129 ab
763 2065 941 2129 Atreo
989 2064 1234 2130 mactari
1281 2062 1575 2148 potuisse.
1662 2060 1842 2125 Recte
1878 2062 2058 2143 igitur
2093 2061 2412 2144 Emperius
2448 2062 2647 2128 locum

277 2180 631 2252 corruptum
661 2189 797 2234 esse
826 2168 1128 2246 iudicavit3
1157 2167 1263 2233 sed
1295 2186 1445 2250 quae
1471 2163 1548 2229 ab
1578 2185 1652 2229 eo
1682 2166 2083 2229 correctiones
2112 2176 2560 2249 proponuntur,
2589 2167 2650 2231 in

279 2272 487 2336 Diurn.
515 2272 806 2356 antiquar.
837 2291 975 2336 ann.
1013 2272 1177 2337 1835
1198 2321 1213 2350 ,
1253 2290 1372 2336 una
1412 2291 1471 2354 p.
1507 2268 1662 2346 635,
1698 2261 1928 2357 τρίτον
1977 2263 2102 2355 γὰρ
2144 2258 2304 2334 ὄντα
2343 2262 2414 2353 μ’
2439 2262 2654 2358 ιἔλιπε

278 2366 553 2464 κᾶθλίῳ
584 2369 797 2463 πατρὶ
827 2369 1298 2456 συνεξελαύνει,
1333 2374 1511 2440 altera
1541 2392 1603 2457 p.
1641 2374 1828 2454 1000,
1849 2362 1918 2456 μ’
1948 2366 2073 2438 ἐπὶ
2103 2364 2254 2439 δύσ’
2282 2375 2374 2439 vel
2402 2368 2525 2441 ἐπὶ
2555 2358 2654 2441 δύ’
2723 2386 2736 2393 “

279 2470 441 2544 ἆθλ.
475 2470 704 2564 πατρί,
736 2481 946 2544 barum
973 2490 1246 2544 neutram
1275 2477 1645 2563 probabilem
1677 2497 1812 2541 esse
1842 2477 2088 2560 quilibet
2113 2478 2271 2543 haud
2296 2479 2476 2544 dubie
2500 2465 2653 2545 Her-

195 2565 206 2573 ·
281 2601 507 2647 manno
557 2582 935 2647 assentietur.
1023 2583 1159 2667 Ipse
1198 2582 1580 2647 Hermannus
1618 2582 1886 2665 scripsit:
1948 2574 2177 2666 τρίτον
2225 2579 2352 2672 γὰρ
2387 2573 2551 2649 ὅντα
2584 2575 2654 2666 μ’

279 2677 547 2768 &videi
592 2678 824 2775 ἀθλίῳ
862 2680 1096 2771 πατρί,
1142 2707 1367 2752 novum
1405 2696 1464 2751 et
1501 2686 1837 2750 inauditum
1882 2685 2236 2751 vocabulum
2276 2697 2653 2752 commentus

279 2782 551 2870 ἐπίδεξ,
579 2791 762 2874 idque
790 2792 1025 2874 passive
1056 2792 1279 2855 dictum
1315 2790 1657 2874 suspicatus
1689 2790 1812 2866 „de
1841 2810 1943 2867 eo,
1983 2790 2085 2873 qui
2114 2800 2261 2873 post
2299 2791 2446 2856 alios
2485 2811 2652 2857 acce-

278 2902 421 2976 ptus
452 2894 552 2971 sit,
590 2902 660 2958 ut
686 2894 787 2958 hic
815 2895 888 2958 de
917 2895 1200 2978 Aegistho
1229 2903 1374 2979 post
1401 2904 1692 2959 mactatos
1721 2897 1931 2958 fratres
1961 2895 2115 2977 patri
2155 2902 2361 2960 nato.“
2419 2896 2508 2960 Ad
2538 2898 2655 2961 boc

279 3015 471 3081 genus
502 2999 877 3064 coniecturae
902 3016 1030 3064 non
1060 2999 1225 3064 facile
1254 2998 1719 3081 confugiendum
1750 3008 1870 3075 est,
1910 2998 2025 3063 nisi
2058 3018 2244 3083 quum
2276 3009 2503 3063 ceterae
2526 3000 2654 3064 viae

277 3111 382 3166 aut
409 3101 759 3166 emendandi
789 3112 890 3166 aut
918 3103 1344 3188 interpretandi
1373 3104 1594 3167 frustra
1621 3111 1877 3167 tentatae
1908 3110 2069 3167 sunt.
2134 3102 2265 3166 Hoc
2292 3113 2488 3167 autem
2520 3103 2653 3167 loco

277 3205 607 3288 permirum
629 3214 725 3269 est
746 3207 970 3271 nemini
992 3207 1054 3271 in
1078 3216 1343 3271 mentem
1367 3206 1604 3272 venisse
1626 3199 1855 3290 τρίτον
1877 3201 2001 3291 γὰρ
2033 3195 2196 3271 ὄντα
2222 3198 2291 3288 μ’
2319 3197 2443 3287 ἔτι,
2473 3226 2653 3291 prae-

278 3320 552 3393 terquam
579 3310 687 3374 uni
715 3310 785 3374 G.
818 3310 880 3375 C.
914 3311 1006 3374 W.
1039 3311 1421 3387 Schneidero‚
1452 3311 1557 3393 qui
1587 3329 1745 3374 anno
1783 3310 1948 3375 1839
1978 3312 2486 3393 Agamemnonem
2516 3331 2650 3377 cum

282 3413 720 3478 commentario
744 3414 929 3478 edidit
951 3434 1095 3479 sane
1119 3414 1461 3479 futilissimo
1485 3426 1545 3479 et
1567 3413 2016 3479 absurdissimis
2039 3414 2215 3498 nugis
2239 3415 2475 3494 referto,
2505 3435 2656 3500 quae

281 3535 466 3582 causa
492 3516 677 3580 fuisse
703 3517 965 3596 videtur,
1003 3527 1072 3582 ut
1110 3537 1290 3584 nemo
1331 3537 1468 3583 eum
1498 3519 1798 3604 inspicere
1838 3526 1943 3583 aut
1972 3537 2124 3602 quae
2154 3519 2228 3583 ab
2256 3520 2504 3586 homine
2531 3530 2674 3587 tam-

145 3631 156 3641 ·
255 3619 557 3703 ·impe1·ito
577 3628 649 3684 .et
676 3620 906 3686 insulso
929 3622 1161 3705 prolata
1189 3628 1396 3686 essent
1423 3631 1694 3705 repetere
1726 3623 1991 3688 voluerit.
2037 3623 2194 3688 Haec
2220 3633 2420 3690 tamen
2451 3609 2656 3691 conie-
2758 3698 2763 3703 ,

281 3733 452 3788 ctura
479 3741 855 3807 nequaquam
886 3726 1222 3810 spernenda
1253 3735 1397 3791 erat.
1471 3726 1719 3792 Duobus
1749 3727 1954 3811 pueris
1984 3729 2273 3806 mactatis,
2304 3719 2516 3795 tertius
2546 3731 2653 3795 ad-

275 3829 401 3891 huc
430 3835 738 3910 superstes
769 3838 922 3893 erat:
973 3830 1032 3893 id
1064 3839 1126 3895 et
1153 3830 1541 3894 conveniebat
1571 3830 1685 3894 dici
1716 3840 1774 3895 et
1803 3832 2017 3897 dicitur
2045 3833 2381 3916 aptissime:
2430 3823 2658 3920 τρίτον

275 3924 409 4018 γὰρ
435 3920 602 3996 ὄντα
639 3924 710 4014 μ’
747 3922 872 3996 ἔτι.
962 3928 1356 4012 Δεκάθλιος
1385 3943 1584 3998 autem
1612 3952 1739 3998 non
1770 3944 1864 4000 est
1890 3937 2214 4002 verendum
2241 3956 2320 4002 ne
2346 3939 2485 4021 quis
2517 3958 2655 4004 cum

277 4034 496 4098 eodem
520 4033 885 4099 Schneidero
909 4036 1110 4101 itidem
1140 4045 1209 4101 ut
1232 4033 1642 4122 τρισάθλιος
1668 4039 1894 4103 dictum
1923 4059 2059 4105 esse
2087 4042 2303 4106 aedat.
2371 4043 2656 4108 Scriben-

277 4139 428 4202 dum
447 4138 560 4203 erit
576 4130 948 4226 δυσαθλίῳ.
1003 4140 1129 4204 Nisi
1160 4142 1291 4225 quis
1322 4143 1478 4206 forte
1503 4140 1626 4206 hoc
1651 4153 1969 4226 propterea
1992 4153 2254 4229 spernat,
2283 4147 2447 4229 quod
2476 4147 2657 4212 nimis

278 4242 451 4307 facile
478 4242 723 4309 inventu
749 4252 861 4308 est.
925 4243 1074 4308 Nam
1106 4255 1252 4310 sunt
1280 4265 1423 4310 sane
1452 4246 1727 4309 nonnulli
1756 4254 1878 4310 tam
1910 4246 2109 4331 inepte
2136 4249 2459 4329 fastidiosi,
2487 4260 2548 4316 et
2580 4252 2656 4317 il-

285 4345 432 4423 lius,
462 4348 631 4413 cuius
661 4367 843 4432 supra
870 4348 1235 4413 mentionem
1265 4349 1411 4425 feci,
1457 4349 1755 4414 venatoris
1793 4350 2045 4427 similes,
2087 4362 2155 4417 ut
2182 4373 2333 4437 quae
2360 4354 2424 4419 in
2454 4356 2656 4421 medio
