3102 4866
1518 320 1565 384 7

372 513 611 582 ποῖον
650 505 911 597 χόλον·
953 505 1186 579 λύοντο
1215 500 1284 576 δ’
1315 498 1501 591 ἃνέξ
1539 500 1958 592 ὑποθέσεως.
2030 503 2282 601 μήποτ’
2311 499 2426 581 οὖν
2467 504 2730 581 ἀκούων

369 616 528 698 τούς
600 620 837 705 Τρῶας
898 613 1340 699 καταρᾶσθαι
1404 605 1611 679 αὐτοῦ
1673 608 2005 698 ἑχολοῧτο.
2112 617 2191 684 Ει
2253 636 2400 683 sane
2465 618 2725 685 invisum

370 726 773 791 Alexandrum
796 722 1073 788 Troianis
1102 720 1290 785 fuisse
1313 718 1568 802 legimus
1596 718 1695 796 m,
1715 721 1866 796 451,
1894 721 2239 807 multosque
2263 730 2404 787 ante
2430 723 2560 788 eius
2584 741 2727 790 oum

372 829 637 895 Menelao
678 836 974 894 certamen
1012 825 1216 890 lovem
1254 823 1594 902 invocasse,
1629 834 1760 890 uter
1794 844 2005 890 eorum
2043 824 2180 892 belli
2205 835 2416 893 auctor
2451 834 2638 911 esset,
2663 827 2727 892 -is

362 923 439 1000 -ut
474 934 826 999 vinca-eutr.
923 929 1045 994 Sed
1083 946 1199 993 nec
1233 927 1530 992 audivisse
1577 929 1729 994 haec
1761 928 2161 995 Alexandrum
2198 940 2376 1015 poeta
2412 939 2728 1009 munerat,

367 1048 456 1114 et,
492 1039 551 1103 si
587 1039 743 1102 t'orte
777 1032 998 1099 audivit
1047 1050 1336 1115 aegreque
1371 1033 1532 1110 tulit,
1580 1031 1898 1098 Hectorem
1935 1043 2137 1099 umen
2174 1035 2529 1101 mirabimur
2569 1035 2731 1102 hanc

368 1142 520 1206 iram
571 1139 773 1205 statris
821 1145 893 1201 ut
940 1136 1241 1219 cognitam
1292 1135 2728 1221 sibiperspectamqueeiusahsentiaecausan

371 1245 572 1310 statim
608 1249 1063 1308 memorantem.
1160 1241 1254 1304 An
1303 1239 1572 1305 dicemus
1622 1242 1787 1307 huno
1836 1242 2110 1308 simulate
2141 1241 2335 1325 loqui,
2382 1252 2726 1326 parcentnn

368 1348 592 1413 scilicet
651 1363 858 1411 coram
907 1343 1126 1410 Helena
1186 1345 1389 1409 statris
1450 1345 1699 1428 pudori,
1758 1346 2012 1430 ideoque
2061 1347 2213 1412 iram
2263 1347 2491 1422 dicere,
2539 1366 2730 1431 quum

366 1452 657 1535 ignaviam
692 1451 896 1535 potius
949 1448 1263 1532 cogitaret,
1312 1447 1478 1515 illum
1526 1461 1728 1514 autem
1781 1450 1937 1515 hanc
1985 1450 2428 1517 simulationem
2475 1451 2733 1519 libenter

220 1616 231 1621 -
367 1553 678 1640 arripere?
763 1555 833 1618 ld
871 1571 1110 1637 quoque
1144 1551 1453 1617 nonnullis
1490 1553 1731 1635 placuit.
1829 1554 1947 1619 Sed
1987 1556 2184 1621 verior
2220 1556 2372 1620 ratio
2409 1555 2559 1622 haec
2589 1574 2729 1621 esce

368 1661 625 1737 videtur,
660 1667 730 1724 ut
764 1656 1061 1733 fflmmus,
1101 1656 1223 1721 de
1207 1675 1295 1722 ira
1322 1666 1384 1721 et
1409 1657 1818 1740 indignatione
1841 1659 2157 1725 Alexandri
2195 1659 2474 1725 disertius
2501 1637 2727 1726 dictim

370 1760 1192 1838 fuisseinveterecarmine,
1232 1760 2002 1847 cuiushaecunaparsde
2029 1772 2304 1828 revocato
2341 1764 2724 1846 inproelium

369 1869 697 1934 Alexandro
727 1867 792 1931 in
820 1867 978 1931 hanc
1003 1875 1275 1931 nostram
1302 1865 1544 1930 iliadem
1574 1875 1814 1950 recepta
1842 1868 1940 1932 sit.
2517 1898 2520 1899 ⁷

536 1970 862 2056 Proposita
898 1969 1048 2036 haec
1087 1990 1122 2035 a
1157 1988 1257 2034 me
1294 1979 1440 2036 sunt
1474 1988 1604 2036 non
1640 1989 1714 2035 eo
1755 1971 2007 2036 consilio
2020 2019 2036 2048 ‚
2075 1981 2145 2036 ut
2179 1990 2395 2037 omnes
2433 1972 2514 2056 id,
2534 1990 2727 2055 genus

368 2078 563 2153 locos,
612 2075 832 2160 quibus
858 2074 1221 2158 explicandis
1260 2074 1419 2139 illam
1454 2073 1796 2140 reticentiae
1836 2074 2091 2157 figuram
2132 2084 2361 2141 veteres
2404 2075 2591 2141 mtici
2625 2084 2730 2140 aut

366 2190 526 2246 recte
546 2189 651 2246 aut
675 2196 851 2246 secus
879 2178 1295 2255 adhibuerunt,
1321 2177 1662 2260 singulatim
1681 2196 2088 2262 persequerer,
2116 2180 2221 2244 sed
2252 2187 2319 2243 ιιι
2333 2180 2728 2263 proludat-em

367 2283 816 2367 quodammodo
885 2282 1233 2349 accuratiori
1293 2281 1627 2365 quaestioni
1685 2282 1759 2346 de
1816 2282 2035 2348 tinibus
2100 2283 2231 2348 eius
2286 2284 2514 2366 figurae
2568 2283 2729 2367 apud

366 2389 697 2455 Homerum
725 2386 1029 2472 regundis.
1086 2385 1237 2453 Nam
1267 2386 1319 2452 si
1347 2386 1714 2452 reticentiam
1736 2387 2104 2471 appellamus
2131 2387 2473 2473 ubicunque
2489 2387 2730 2473 aliquid,

366 2493 530 2577 quod
569 2492 689 2558 dici
724 2491 1002 2557 debuisse
1038 2492 1331 2569 videatur,
1370 2509 1499 2556 non
1528 2500 1732 2556 tamen
1761 2491 1986 2557 dictum
2017 2492 2118 2568 sit,
2144 2492 2468 2577 verendum
2494 2501 2613 2568 est,
2648 2511 2729 2558 ne

368 2597 566 2679 paullo
607 2597 779 2680 plura
816 2596 1000 2661 huius
1026 2597 1258 2679 generis
1295 2596 1360 2660 in
1388 2581 1565 2661 [liade
1591 2596 1940 2678 praesertim
1970 2595 2519 2678 deprehendantur,
2546 2615 2728 2681 quam

367 2720 518 2784 quae
544 2701 744 2765 adhuc
768 2719 803 2764 a
832 2698 1050 2764 miticis
1084 2698 1206 2764 hoc
1241 2701 1488 2765 nomine
1522 2707 1728 2765 notata
1766 2707 1926 2764 sunt.
2013 2700 2131 2764 Sed
2161 2700 2430 2766 intricata
2461 2700 2729 2785 quaestio

368 2806 485 2870 erit
526 2813 840 2889 propterea
853 2851 870 2879 ,
921 2804 1084 2886 quod
1121 2803 1265 2886 quid
1317 2802 1586 2867 debuerit
1633 2803 1852 2900 ubique
1890 2803 2004 2869 dici
2018 2851 2036 2880 ‚
2086 2805 2230 2887 quid
2273 2823 2398 2869 non
2437 2803 2725 2879 debuerit,

370 2908 609 2973 decen-ni
635 2908 990 2991 plerumque
1016 2925 1146 2972 non
1171 2907 1424 2990 poterit,
1461 2907 1583 2971 nisi
1620 2908 1697 2972 de
1725 2908 1977 2972 consilio
2006 2918 2225 2990 poetae
2246 2909 2583 2991 operisque
2619 2908 2727 2973 de·
2801 2909 2828 2914 “

368 3012 694 3096 scriptione
715 3011 790 3077 ad
810 3012 929 3076 hoc
950 3011 1268 3077 consilium
1292 3011 1740 3077 accommodata
1763 3013 2124 3088 constiterit:
2152 3012 2227 3077 de
2258 3012 2508 3078 consilio
2529 3019 2726 3076 autem

366 3127 428 3180 et
474 3115 879 3197 desa-iptione
925 3115 1124 3181 iliadis
1174 3116 1634 3198 haudquaquam
1681 3116 1882 3181 adhuc
1928 3116 2084 3181 inter
2130 3117 2292 3183 viros
2342 3115 2730 3182 docn’ssimos

370 3229 665 3298 constare,
699 3220 854 3302 quis
904 3217 1142 3284 nescit?
1238 3219 1553 3285 Coaluisse
1596 3238 1729 3283 eam
1766 3239 1838 3284 ex
1877 3220 2291 3304 compluribus
2344 3219 2727 3292 carminibus,

368 3325 488 3388 hoc
507 3324 750 3407 quidem
782 3340 999 3387 omnes
1026 3341 1191 3388 nunc
1211 3323 1622 3400 consentiunt3
1651 3324 1758 3387 sed
1780 3342 1898 3406 qua
1926 3324 2159 3389 ratione
2179 3325 2481 3398 coaluerit,
2499 3323 2731 3407 quidve

366 3428 498 3492 eius
537 3426 917 3509 compositor
966 3426 1030 3490 in
1081 3427 1285 3510 operis
1335 3427 1744 3509 designatione
1792 3437 2085 3510 wquutus
2123 3429 2228 3502 sit,
2278 3445 2601 3511 permagna
2621 3434 2735 3491 ‹est

370 3530 692 3596 dissensio.
780 3529 890 3594 Alii
918 3529 1081 3594 enim
1112 3548 1293 3595 omne
1320 3529 1477 3595 illius
1507 3530 1822 3595 consilium
1864 3531 1926 3595 in
1957 3551 2032 3595 eo
2064 3532 2407 3597 substitisse
2433 3531 2729 3597 arbitran-
2822 3566 2832 3573 ·

371 3646 494 3711 tur,
532 3645 607 3700 ut
631 3625 752 3699 una
780 3633 934 3699 actio
962 3633 1248 3716 primaria
1277 3634 1352 3699 ab
1383 3634 1553 3699 initio
1582 3635 1656 3699 ad
1684 3636 1906 3700 exitum
1945 3637 2198 3701 naturali
2225 3636 2488 3719 quodam
2506 3634 2732 3700 ordine

368 3737 752 3823 probabiliter
780 3737 1197 3812 deduceretur,
1235 3738 1572 3803 subiunctis
1611 3740 1739 3804 aliis
1773 3741 1946 3823 ,quasi
1975 3739 2345 3804 secundariis
2372 3737 2727 3814 actionibus,
2761 3761 2797 3816 ο

296 3882 304 3889 -
370 3859 703 3926 quae-cum
740 3840 839 3905 illa
873 3842 1031 3905 necti
1069 3843 1390 3907 commode
1414 3861 1603 3924 posse
1619 3843 2013 3918 viderentur„
2029 3852 2216 3926 utque
2242 3843 2632 3908 ascisceretur
2656 3860 2730 3904 ex

370 3947 685 4011 iliacorum
723 3944 1057 4009 carminum
1084 3945 1462 4011 multitudine
1499 3946 1551 4010 si
1589 3947 1734 4030 quid
1771 3948 1913 4012 huic
1942 3948 2194 4013 consilio
2234 3957 2338 4013 aut
2373 3966 2483 4011 sua
2512 3951 2732 4028 sponte

372 4048 894 4116 accommodatum
946 4058 1137 4126 esset,
1182 4058 1290 4114 aut
1336 4050 1781 4115 accommodari
1831 4051 1996 4115 facile
2046 4062 2274 4134 posset.
2370 4049 2483 4113 Alii
2523 4057 2732 4113 coum

372 4173 509 4219 eum
550 4169 681 4218 non
718 4152 839 4215 hoc
864 4153 1062 4217 solum
1092 4163 1399 4237 spectasse
1426 4152 1665 4229 volunt,
1700 4164 1771 4219 ut
1807 4155 2176 4239 probabilem
2216 4152 2521 4218 exhiberet
2543 4152 2732 4217 actio·

372 4276 520 4323 num
558 4257 777 4322 seriem
806 4266 866 4320 et
895 4258 1356 4334 connexionum
1394 4258 1500 4323 sed
1522 4265 1590 4320 ut
1628 4258 1798 4340 quasi
1828 4258 2137 4341 speculum
2169 4255 2470 4339 quoddam
2499 4274 2730 4339 propo-

371 4369 541 4427 neret
577 4359 729 4425 vitae
765 4360 1092 4438 humanae,
1142 4362 1217 4426 ad
1256 4361 1637 4426 delectandos
1688 4377 1813 4424 non
1854 4360 2044 4442 magis
2094 4360 2433 4424 auditorum
2469 4359 2729 4436 animos,
