3102 4866
1434 311 1519 381 91
1618 375 1623 379 .

124 565 136 575 .
281 460 536 601 'tlihhoc
560 501 737 592 πρὸς
776 500 1061 593 πέτραις
1086 496 1392 589 ὀχμάσαι
1432 494 1506 568 ἓν
1543 497 1846 587 πέτραις,
1889 501 1972 567 ad
1999 518 2226 587 rupes
2252 499 2559 584 arrigere
2580 492 2663 565 in

169 681 181 697 ‚
301 609 649 695 rupibus,
689 609 1045 694 significabit
1071 608 1394 675 Wieselero
1432 608 1783 688 interprete·
1818 607 1893 672 ad
1922 625 2110 690 rupes
2140 606 2220 671 ita
2244 605 2487 688 afflgoee
2514 603 2662 669 alte-

300 731 480 789 κως
493 710 1805 795 utissimuletiaminclususinrupibush.
1829 728 1883 774 e.
1906 707 2663 794 inaliquohiaturupium

19 762 20 769 ἵ
53 806 62 815 ’
174 819 182 826 ’
275 806 514 883 ’Ὶιιὸιιιῐ
543 853 634 868 -
662 818 824 883 Talia
858 819 911 884 si
939 827 1045 883 aut
1071 836 1197 884 non
1235 825 1593 901 assequutus
1622 821 1726 879 aut
1751 812 2128 879 abominatus
2165 814 2376 898 aliquis
2403 813 2481 878 ad
2506 824 2661 879 con·

309 920 597 1015 iecturam
625 922 894 1007 quamvis
923 921 1202 987 audacem
1235 921 1632 1003 confugisset,
1672 936 2058 1002 summopere
2083 918 2484 984 laudumnus.
2538 915 2662 983 Sed

309 1044 683 1111 nequaquam
711 1035 912 1090 tamen
941 1025 1296 1092 scholiastae
1321 1024 1477 1090 illius
1503 1024 1819 1089 lectionem
1850 1041 1924 1088 ex
1949 1021 2298 1088 huiusmodi
2325 1021 2667 1087 coniectu-a

311 1139 510 1196 ortam
558 1150 693 1195 esse
743 1147 1089 1195 censemus:
1137 1131 1497 1213 impressam
1543 1127 1706 1194 enim
1753 1126 1933 1193 habet
1964 1126 2362 1192 certissimam
2400 1125 2662 1191 veritatis

295 1243 544 1313 motam,
581 1241 795 1318 estque
830 1232 993 1298 haud
1032 1233 1212 1299 dubie
1250 1253 1322 1298 ex
1357 1233 1712 1318 incorrupto
1753 1232 2014 1316 quodam
2050 1230 2282 1297 tabulae
2308 1230 2664 1314 Aeschylo-e

310 1337 582 1421 exemplo
621 1346 933 1422 prompta:
981 1338 1133 1402 haec
1167 1345 1402 1414 contra,
1451 1354 1607 1420 quae
1645 1337 1710 1402 in
1745 1335 1974 1402 nostris
2013 1334 2321 1401 codicibus
2364 1333 2661 1418 leguntur,

308 1441 511 1526 inepte
560 1442 888 1526 excogitata
938 1451 1083 1507 suut
1129 1439 1202 1506 ad
1253 1440 1607 1525 explendam
1657 1441 1956 1525 depravati
2008 1439 2233 1506 codicis
2282 1436 2661 1522 scripturam.

305 1544 462 1611 Nam
500 1546 764 1630 primum
801 1537 875 1611 ἐν
914 1537 1271 1633 ἀρρήκτοις
1310 1539 1625 1630 πέτραις,
1681 1563 1796 1628 pro
1844 1537 2129 1623 πέδαις,
2182 1542 2475 1627 sciptum
2498 1549 2665 1620 -οι-οι,

307 1668 514 1714 errore
540 1648 815 1733 proclivi,
854 1659 915 1714 et
942 1648 1005 1714 iu
1034 1646 1343 1714 Wellaueri
1383 1648 1562 1715 etiam
1601 1647 1988 1713 annotatione
2025 1646 2100 1712 ad
2129 1647 2192 1712 h.
2221 1646 2262 1712 l.
2303 1646 2662 1712 oomm‘ssot

221 1781 226 1787 ·
308 1753 521 1818 deinde
558 1752 752 1818 media
782 1771 991 1818 versus
1027 1772 1170 1837 pars
1205 1752 1406 1836 aliquo
1447 1770 1592 1818 casu
1638 1743 1992 1829 oblitterata‚'
2021 1760 2091 1816 ιιι
2115 1751 2230 1834 legi
2255 1765 2383 1816 non
2411 1757 2667 1834 possent

306 1856 427 1921 nisi
477 1857 651 1922 haec:
707 1847 1080 1940 ἅδαμαπίν
1128 1892 1215 1906 -
1264 1892 1354 1905 —
1404 1848 1476 1921 ev
1517 1847 1881 1944 α’ρῤἠκτοις
1930 1850 2240 1942 πέτραιςτ
2294 1855 2664 1939 denique-in

307 1959 581 2045 margine
617 1960 987 2046 adscriptum
1025 1954 1302 2040 πέδαις,
1342 1979 1463 2045 quo
1504 1959 1729 2026 scilicet
1762 1961 1905 2026 illud
1935 1953 2223 2045 πέτραις
2248 1960 2662 2043 corrigeretur.

306 2063 441 2131 Hoc
478 2075 687 2150 postea
716 2075 1020 2132 corrector
1058 2066 1211 2131 male
1247 2064 1471 2130 abusus
1501 2071 1595 2129 est
1624 2063 1700 2129 ad
1728 2064 2077 2148 explendam
2106 2064 2410 2143 lacunam,
2437 2073 2499 2129 et
2524 2063 2668 2130 hinc

306 2179 657 2235 nostrorum
683 2169 959 2235 codicum
977 2169 1264 2235 lectiones
1294 2177 1464 2234 ortae
1483 2176 1646 2233 sunt.
1665 2202 1757 2216 —-
1785 2167 1952 2245 Quae
1978 2178 2175 2234 autem
2205 2169 2457 2252 protulit
2474 2184 2664 2253 prae·—

215 2336 222 2341 .
306 2280 467 2338 terea
517 2272 879 2340 Wieselerus
942 2274 1016 2339 ad
1078 2273 1557 2339 emendationem
1609 2272 1831 2339 scilicet
1890 2291 2063 2338 suarn
2122 2273 2663 2358 comprobandam:

304 2377 522 2457 „videri
551 2377 977 2445 Prometheum
1016 2379 1078 2443 in
1117 2378 1313 2463 aliquo
1352 2379 1522 2465 rupis
1541 2378 1728 2443 hiatu
1763 2377 2033 2464 positum
2062 2377 2250 2445 misse
2276 2377 2386 2457 ita,
2419 2385 2491 2443 ιιι
2515 2395 2661 2463 pars

305 2492 540 2549 tantum
569 2483 842 2568 corporis
872 2484 1238 2569 promineret
1258 2493 1320 2549 et
1346 2483 1411 2550 in
1440 2491 1834 2568 conspectum
1863 2484 2110 2560 veniret,
2139 2501 2390 2567 eamque
2412 2490 2665 2548 senten·

304 2588 445 2652 tiam
487 2588 722 2671 egregie
752 2588 1044 2671 quadrare
1071 2590 1147 2654 ad
1186 2588 1280 2665 id,
1320 2587 1480 2673 quod
1512 2587 1786 2671 pluribus
1826 2587 1901 2652 de
1938 2588 2133 2654 causis
2161 2606 2278 2672 pro
2308 2596 2472 2654 certo
2498 2586 2664 2654 sumi
2701 2657 2712 2670 ‚

303 2691 521 2776 possit,
553 2691 941 2757 Promethei
923 2693 1242 2777 imaginem
1271 2692 1566 2777 quandam
1596 2692 1848 2776 ligneam
1883 2693 2071 2780 oculis
2101 2709 2348 2770 eorum,
2380 2693 2482 2776 qui
2519 2710 2663 2777 spe-

305 2804 554 2872 ctarent,
583 2796 906 2861 subiectam
935 2797 1152 2861 fuisse:
1184 2815 1369 2880 posse
1397 2797 1557 2861 enim
1590 2799 1797 2873 statui,
1835 2771 1995 2862 hanc
2030 2798 2349 2880 imaginem
2378 2797 2460 2863 ita
2484 2814 2663 2863 com-

302 2909 570 2984 paratam
599 2900 818 2978 finisse,
857 2911 927 2965 ut
967 2900 1094 2966 sola
1125 2901 1386 2966 anterior
1413 2920 1556 2984 pars
1585 2900 1845 2966 exhibita
1874 2909 2050 2979 esset,
2078 2911 2146 2966 ut
2172 2902 2247 2979 is,
2278 2901 2379 2985 qui
2409 2902 2662 2967 Ριοιιιο·

304 3004 509 3069 theum
547 3003 780 3087 agebat,
821 3023 948 3070 non
987 3004 1052 3070 in
1089 3023 1191 3084 ea,
1231 3004 1337 3069 sed
1375 3024 1536 3106 pone
1575 3024 1707 3070 eam
1746 3006 1812 3069 in
1857 3005 2021 3070 hlatu
2056 3006 2232 3089 rupis
2269 3012 2665 3084 versaretur-‚⁸

303 3108 453 3173 haec
477 3126 643 3174 nunc
670 3109 1002 3174 accuratius
1031 3109 1366 3175 examinare
1401 3127 1529 3176 non
1558 3109 1730 3174 libet.
1771 3118 1831 3174 et
1860 3128 1968 3174 cur
2005 3109 2267 3193 ligneum
2295 3110 2437 3175 illud
2466 3110 2661 3177 simu-

299 3212 547 3290 laoenm,
574 3213 649 3278 de
678 3232 798 3296 quo
828 3212 1071 3279 illinon
1100 3213 1492 3279 dubitandum
1525 3213 1782 3290 videtur,
1809 3213 1960 3278 mihi
1988 3232 2201 3297 parum
2232 3215 2663 3299 placeretsdixi

300 3315 367 3380 in
400 3316 847 3399 prolegomenis
880 3318 1158 3383 editionis
1197 3337 1364 3383 meae
1403 3337 1466 3402 p.
1498 3318 1604 3383 85.
1636 3316 1739 3383 86.
1824 3317 1958 3382 Hoc
1991 3327 2191 3384 tamen
2218 3336 2345 3384 non
2374 3318 2663 3401 gravabor

302 3419 598 3502 profiteri,
642 3421 697 3486 si
732 3421 909 3486 fuerit
947 3421 1064 3486 tale
1093 3421 1508 3497 simulacrum,
1545 3420 1720 3487 malle
1746 3440 1846 3486 me
1873 3422 1936 3487 id
1964 3423 2026 3486 in
2054 3423 2225 3506 rupis
2254 3422 2420 3488 hiatu
2438 3439 2691 3506 magna·

301 3542 376 3587 ex
402 3532 575 3606 parte
603 3524 980 3604 delitescens,
1021 3544 1204 3610 quam
1240 3534 1439 3590 totum
1473 3524 1540 3588 in
1578 3525 1795 3591 theatri
1834 3535 2162 3611 conspectu
2198 3527 2463 3611 positum
2494 3528 2661 3613 cogi·

302 3626 440 3704 tari,
488 3645 570 3692 ne
614 3629 834 3694 scilicet
878 3629 1110 3713 ligneus
1153 3629 1252 3695 ille
1293 3628 1695 3696 Prometheus
1738 3631 1920 3696 nimis
1957 3632 2074 3696 cito
2117 3640 2220 3696 aut
2258 3630 2517 3696 taedium
2562 3642 2666 3697 aut

299 3730 491 3796 risum
532 3733 759 3815 populo
801 3744 1082 3800 moveret.
1114 3769 1201 3783 -
1229 3734 1350 3799 Sed
1390 3735 1675 3800 admonet
1710 3755 1811 3801 me
1849 3736 1997 3801 haec
2028 3753 2131 3800 res
2169 3735 2319 3801 alius
2350 3735 2661 3802 miusdsm

301 3835 668 3913 Promethei,
697 3855 824 3903 non
851 3837 1029 3921 lignei
1059 3837 1318 3921 quidem,
1349 3839 1455 3904 sed
1484 3838 1626 3922 picti
1655 3837 1720 3904 in
1739 3858 1880 3904 vase
1906 3839 2089 3917 fictili,
2116 3839 2378 3923 itemque
2398 3839 2463 3903 in
2491 3840 2675 3906 hiatu.
2695 3849 2759 3904 13

303 3938 568 4024 quodam
594 3939 756 4024 pube
784 3951 960 4028 tenus
992 3941 1406 4021 delitescentis,
1437 3961 1616 4027 quem
1645 3962 1681 4008 a
1709 3943 2043 4020 Suetonio,
2071 3943 2219 4008 Italo
2246 3943 2662 4027 archaeologo‚

307 4053 621 4127 acceptum
651 4062 850 4129 nuper
878 4045 1237 4130 (ioppen-tus,
1266 4047 1577 4132 popularis
1604 4057 1844 4126 noster,
1873 4048 2266 4133 spectandum
2307 4046 2487 4112 nohis
2512 4061 2666 4131 pro·

301 4147 511 4231 posuit
546 4148 613 4213 in
649 4148 807 4214 libro
846 4148 922 4214 de
964 4150 1210 4235 antiquo
1244 4151 1611 4217 Graecorum
1640 4153 1904 4230 theatro,
1930 4152 2168 4237 Lipsiae
2194 4168 2248 4217 a.
2285 4149 2450 4216 1843
2476 4151 2658 4219 edito.

303 4252 526 4318 Vereor
553 4261 756 4318 tamen
781 4253 1062 4335 equidem
1092 4272 1487 4339 magnopere,
1515 4273 1595 4320 ne
1623 4254 1724 4320 hic
1752 4273 1991 4339 quoque
2017 4255 2417 4321 Prometheus
2442 4256 2661 4341 explo-

302 4355 533 4421 dendus
588 4358 686 4421 sit.
762 4356 1080 4421 Hominem
1138 4358 1297 4423 enim
1350 4360 1580 4443 pictum
1623 4359 1889 4424 videmus
1941 4358 2379 4425 adolescentem
2429 4368 2492 4425 et
2539 4360 2656 4426 im·
