3102 4866
1279 290 1286 297 ⁴
1346 300 1474 364 457

244 509 486 575 sperare
510 490 759 556 iuba-et.
814 490 958 557 Erat
984 492 1145 557 enim
1173 492 1240 556 in
1266 490 1545 572 Bogialao
1573 494 1635 552 et
1664 487 2024 552 forma-oris
2061 494 2124 551 et
2151 450 2591 567 tonas-norpe-

242 596 327 662 ris
356 596 546 678 figura
585 612 769 678 snpra
801 596 1105 678 vulgarem
1141 595 1458 661 bominum
1493 592 1750 658 modum
1786 590 2076 656 excellens
2114 575 2289 675 atque
2317 596 2595 672 angusta,
2652 635 2661 643 .

197 768 201 772 ,
243 708 468 767 statura
504 699 652 764 adeo
689 717 969 782 procera,
1007 708 1084 764 ut·
1101 718 1307 784 parem
1345 698 1460 763 sibi
1504 684 1751 762 liaberet
1796 694 2129 770 neminem,
2183 694 2594 761 membrorum

245 803 604 889 compositio
633 812 772 888 apta
797 813 858 879 et
885 804 1140 888 elegans,
1168 804 1233 869 in
1259 821 1375 886 qua
1403 810 1465 867 et
1490 801 1682 867 robur
1704 799 2014 864 insolitum
2041 808 2104 864 et
2116 789 2596 882 ag‘ilitassnmma

245 915 580 993 appareret:
608 908 778 973 frons
806 907 1066 985 excelsa,
1094 906 1385 983 caesaries
1409 907 1471 971 in
1499 906 1787 970 humeros
1815 903 1994 985 longe
2020 903 2312 981 demissa,
2341 904 2409 969 in
2434 902 2600 973 vultu

246 1032 382 1079 cum
411 1020 716 1077 venustate
751 1012 939 1077 mixta
973 1013 1280 1078 maiestas:
1320 1029 1513 1094 neque
1551 1008 1847 1075 absonum
1876 1006 1979 1072 tali
2008 1007 2235 1072 formae
2263 1008 2598 1091 ingenitum

248 1118 465 1183 mentis
504 1118 676 1199 vigor
712 1125 771 1181 et
798 1117 1092 1195 colei-itas,
1130 1117 1316 1181 animi
1350 1114 1538 1183 robur
1578 1122 1639 1179 et
1676 1111 2038 1190 constantia,
2076 1130 2321 1177 morum
2359 1128 2597 1178 summa
2634 1129 2699 1182 13

251 1220 545 1305 probitas,
574 1221 896 1297 verborum
934 1220 1190 1305 simplex
1226 1221 1377 1285 tides
1418 1229 1597 1302 atque
1631 1217 1914 1300 gravitas3
1950 1223 2022 1281 ut
2049 1216 2224 1299 plane
2245 1229 2370 1281 non
2397 1216 2599 1283 bomi-

248 1346 406 1404 nem,
435 1327 543 1392 sed
571 1328 818 1391 heroem
843 1326 1101 1410 aliquem
1132 1325 1380 1390 coelitus
1409 1323 1741 1387 demissum
1773 1321 1886 1386 sibi
1915 1319 2132 1384 intueri
2145 1319 2500 1416 viderentur.
2514 1354 2602 1369 -—

249 1432 449 1515 ltaque
483 1430 800 1513 Bogislans
836 1431 1124 1508 celeriter,
1163 1438 1234 1494 ut
1277 1429 1425 1503 dixi,
1478 1444 1696 1510 magna
1738 1424 2029 1491 nobilium
2067 1442 2252 1489 manu
2280 1406 2602 1501 contracta,

249 1535 512 1618 primum
542 1535 945 1614 wortislaum,
975 1541 1255 1619 patruum
1287 1552 1487 1609 suum,
1520 1532 1733 1603 salutat
1761 1540 1823 1595 et
1850 1531 1924 1596 de
1954 1550 2193 1597 summa
2220 1547 2425 1595 rerum
2450 1545 2606 1593 con-

250 1639 455 1704 sultat.
485 1638 623 1703 dein
653 1638 773 1703 boc
798 1639 1120 1703 comitante
1148 1656 1257 1721 per
1293 1646 1478 1702 totam
1520 1636 1858 1702 citeriorem
1897 1636 2273 1719 provinciam
2302 1633 2606 1718 profectus

253 1760 461 1807 omnes
492 1743 554 1807 in
587 1742 764 1839 fldem
794 1761 966 1808 suam
996 1743 1233 1825 recipit.
1261 1742 1446 1807 inde
1428 1760 1492 1806 ιιι
1520 1741 1865 1807 ulteriorem
1905 1740 2323 1807 pomeraniam
2345 1745 2604 1831 ‚yconten

251 1846 355 1910 dit.
414 1844 502 1908 lbi
530 1863 785 1929 qnoque,
813 1864 1050 1929 quaqua
1079 1846 1341 1923 incessit,
1371 1846 1504 1911 laeti
1534 1864 1748 1911 omnes
1777 1856 1837 1912 et
1865 1818 2276 1930 gratulabundi
2300 1818 2607 1910 oonflmes

250 1958 416 2013 runt:
462 1950 732 2014 universa
774 1949 1128 2015 Pomerania
1169 1951 1243 2015 ad
1283 1951 1422 2015 novi
1459 1950 1641 2016 buius
1670 1950 1963 2035 principis
2007 1950 2355 2033 adspectum
2384 1967 2498 2032 spe
2536 1956 2649 2012 ac

252 2054 465 2136 gaudio
503 2054 828 2120 exsultavit.
896 2055 1082 2121 Mater
1118 2038 1314 2121 autem
1358 2054 1515 2130 sola,
1556 2055 1954 2129 conscientiae
1993 2054 2250 2119 stimulis
2282 2052 2606 2135 exagitata,

255 2157 354 2222 filii
384 2177 774 2241 congressum
805 2160 971 2246 fugit,
1000 2159 1387 2224 Pomeraniae
1417 2158 1860 2242 lines-reliquit,
1896 2157 2210 2223 Gedanum
2236 2155 2382 2221 abiit
2407 2154 2609 2220 exula-

253 2274 400 2328 tum.
459 2264 773 2347 Bogislans
800 2283 973 2342 vero,
1002 2265 1238 2347 pietatis
1277 2282 1356 2329 ne
1381 2263 1455 2328 in.
1474 2261 1571 2327 ta'li
1603 2263 1844 2346 quidem
1885 2271 2074 2328 matre
2110 2261 2455 2338 immemor,
2481 2278 2611 2325 non

253 2370 422 2433 factis
449 2368 647 2433 solum
681 2370 786 2435 sed
818 2369 1009 2435 verbis
1041 2387 1282 2453 quoque
1310 2386 1553 2452 semper
1575 2367 1905 2433 abstinebat
1927 2366 2226 2445 omnibus,
2254 2365 2474 2450 quibus
2498 2362 2610 2430 ali-

255 2493 370 2557 qua
400 2474 608 2539 nutris
637 2476 870 2539 nomini
899 2494 971 2540 ac
999 2478 1189 2541 famae
1217 2474 1378 2557 apud
1407 2482 1644 2538 exteros
1676 2473 1903 2538 macula
1935 2472 2214 2555 adspergi
2235 2489 2421 2555 posse
2446 2468 2611 2535 vide·

254 2587 435 2643 retur.
500 2578 645 2643 Vicit
684 2589 881 2644 antem
919 2579 1162 2643 tandem
1202 2578 1358 2642 hanc
1397 2597 1636 2662 quoque
1674 2578 1933 2659 Bogislai
1967 2578 2152 2642 virtus
2190 2577 2300 2652 ita,
2332 2584 2400 2639 ut
2424 2594 2460 2640 a
2488 2573 2610 2639 mio
2728 2613 2733 2618 ·

255 2691 507 2747 matrem
547 2683 701 2774 yinci
740 2702 851 2767 par
889 2692 1032 2747 erat.
1093 2682 1241 2747 Nam
1284 2701 1471 2766 quum
1510 2685 1575 2747 ιιι
1614 2683 1848 2746 honore
1886 2702 1955 2747 se
1997 2701 2134 2747 esse
2171 2681 2395 2745 videret
2450 2680 2614 2764 apud

255 2805 413 2864 eum,
445 2787 613 2851 cuius
642 2788 772 2870 ipsa
801 2788 1057 2851 honoris
1087 2805 1393 2871 nunqnam
1424 2806 1660 2852 memor
1685 2785 1915 2864 fuisset,
1930 2784 2349 2850 verecundiam
2362 2782 2615 2849 materni

257 2890 521 2955 nominis
549 2890 886 2956 inviolatam
920 2891 1260 2955 conservari
1289 2891 1365 2955 ab
1396 2911 1491 2966 eo,
1525 2892 1619 2956 cui
1650 2891 1876 2956 nullum
1906 2891 2038 2973 ipsa
2068 2908 2332 2973 unquam
2361 2887 2613 2953 materni

257 2995 438 3058 animi
468 2996 704 3078 signum
720 2994 1019 3096 edidisset,
1046 2997 1226 3060 fracta
1258 3004 1350 3060 est
1381 2995 1619 3060 tandem
1649 2995 1835 3077 iniqui
1868 2994 1989 3058 odii
2018 2993 2362 3077 pertinacia.
2414 2992 2627 3075 Itaque

258 3098 424 3162 misit
453 3099 528 3164 ad
554 3099 925 3182 Bogislaum,
967 3087 1036 3163 ut
1076 3099 1190 3163 sibi
1225 3100 1427 3163 liceret
1463 3100 1527 3162 in
1565 3099 1817 3180 patriam
1849 3096 2062 3162 reverti
2092 3106 2153 3160 et
2180 3097 2369 3162 filium
2399 3097 2616 3161 videre.

258 3203 371 3267 Hic
411 3212 638 3281 autem,
665 3204 833 3268 omni
872 3202 1094 3287 prioris
1134 3203 1424 3286 temporis
1462 3202 1756 3267 memoria
1802 3202 2051 3289 abiecta,
2095 3201 2295 3266 laetari
2332 3210 2616 3285 tanquam

259 3324 508 3372 munere
535 3306 648 3371 sibi
679 3307 902 3383 oblato,
936 3306 1155 3390 gratias
1194 3307 1370 3371 matri
1400 3325 1602 3388 agere,
1647 3307 1806 3389 quod
1851 3306 2088 3370 tandem
2126 3306 2444 3387 alitpiando
2482 3323 2615 3370 ma-

258 3421 414 3476 trem
444 3431 513 3476 se
552 3429 687 3487 esse
726 3411 1116 3476 meminisset.
1175 3410 1600 3475 Advenientem
1643 3411 1973 3475 honorifice
2001 3409 2257 3494 excepit·
2280 3409 2489 3475 sedem
2514 3429 2617 3476 as-

258 3515 514 3597 signavit
539 3523 600 3580 et
625 3514 850 3579 reditus
882 3516 1026 3580 satis
1056 3515 1323 3599 amplos,
1361 3516 1522 3580 unde
1563 3514 1904 3596 dignitatem
1946 3533 2118 3579 suam
2157 3522 2438 3580 tueretur.
2495 3515 2616 3580 Ne·
2663 3533 2729 3586 14

257 3638 375 3703 que
402 3638 540 3684 vero
578 3619 674 3684 illa
702 3618 955 3704 posthac
982 3639 1049 3684 se
1084 3619 1390 3702 indignam
1419 3628 1582 3685 tanta
1620 3620 1723 3684 filii
1768 3620 1981 3704 pietate
2019 3620 2338 3703 praestitit,
2379 3602 2620 3703 imoque

257 3724 448 3806 magis
476 3722 579 3787 hic
605 3722 821 3788 oblitus
851 3723 1161 3789 videbatur
1183 3723 1482 3801 omnium,
1520 3742 1677 3806 quae
1711 3724 1879 3807 prius
1916 3725 2068 3789 sacta
2097 3725 2353 3798 fuerant,
2380 3741 2455 3786 eo
2482 3740 2618 3788 ma-

258 3827 350 3909 gis
379 3837 440 3892 et
465 3820 893 3892 lamentabatur
920 3828 1097 3892 istam
1126 3846 1300 3892 suam
1323 3827 1693 3911 pravitatem,
1725 3836 1788 3892 et
1814 3826 1972 3911 apud
2003 3828 2194 3891 Deum
2224 3826 2621 3910 hominesque

258 3950 327 3995 se
353 3932 486 4013 ipsa
514 3924 844 3996 accusabat.
903 3932 1034 3998 Filii
1055 3941 1253 3999 autem
1283 3951 1593 4016 nunquam
1623 3934 1754 3998 sine
1773 3931 2031 3997 lacrimis
2058 3931 2427 3996 mentionem
2462 3930 2617 4008 fecit,
2708 3935 2715 3942 ’

257 4037 568 4119 nunquam
607 4036 885 4113 accessit,
924 4046 993 4101 ut
1028 4054 1155 4102 non
1192 4038 1527 4120 supplicare
1566 4045 1625 4101 et
1670 4046 1954 4119 tanquam
2005 4035 2254 4099 adorare
2306 4035 2622 4111 videretur,

255 4141 485 4206 nullum
516 4140 694 4216 diem,
727 4140 948 4205 nullam
978 4142 1191 4206 horam
1222 4141 1649 4225 praetermisit,
1693 4147 1761 4204 ut
1801 4158 1926 4204 non
1954 4140 2145 4218 Deum
2170 4140 2479 4204 invocaret
2505 4158 2618 4224 pro

255 4245 436 4311 huius
465 4244 568 4310 filii
596 4245 998 4310 incolumitate
1028 4255 1088 4309 et
1116 4246 1403 4312 felicitate.

431 4349 590 4414 Talis
630 4349 944 4433 Bogislaus
987 4349 1097 4415 suit
1135 4368 1272 4433 erga
1314 4362 1594 4416 matrem·
1637 4276 1871 4433 qualem
1909 4348 2089 4434 igitur
2118 4287 2306 4413 ruisse
2334 4317 2618 4436 putabitis
