3102 4866
495 531 617 580 una
641 522 815 600 parte
840 513 1144 600 pugnavit,
1174 531 1318 577 mox
1336 513 1401 577 in
1422 511 1603 578 altera
1625 513 2073 597 comparem),
2095 510 2331 576 mireris
2354 511 2429 575 de
2446 512 2561 577 bac
2580 511 2856 578 stationis

484 618 828 684 mutatione
883 617 1112 683 nullum
1160 615 1410 681 verbum
1463 635 1497 680 a
1548 625 1727 700 poeta
1775 619 1996 682 factum
2047 634 2199 680 esse.
2313 615 2687 700 Quamquam
2737 617 2859 682 boc

496 722 739 806 quidem
778 721 1014 787 defendi
1062 722 1322 786 sortasse
1367 720 1592 804 possit.
1640 721 1702 785 in
1741 722 1903 786 vario
1941 728 2002 785 et
2039 719 2281 804 ancipiti
2320 718 2642 785 certamine
2679 721 2862 785 etiam

496 823 956 891 discurrendum
995 824 1118 889 buc
1151 824 1290 889 illuc
1327 825 1734 908 pugnantibus
1775 824 1988 902 subse,
2021 842 2220 908 neque
2250 823 2602 908 culpandam
2645 833 2858 907 poetae

492 928 897 1006 reticentiam,
959 927 1011 991 si
1070 927 1216 992 tales
1278 927 1587 993 disan-sus
1640 947 1767 993 non
1818 948 2058 1013 semper
2117 928 2335 993 diserte
2385 947 2859 994 commemorare

460 1031 769 1097 ‘voluer-it.
854 1031 1141 1097 Insistere
1178 1032 1356 1115 igitur
1392 1033 1532 1098 huic
1568 1034 1656 1098 rei
1684 1033 1854 1110 nolo,
1891 1051 2004 1098 nec
2040 1033 2413 1116 ren-agabor,
2454 1032 2506 1097 si
2535 1034 2857 1117 quis'non—

494 1134 658 1201 nulla
691 1143 892 1200 tamen
930 1154 1143 1201 eorum
1158 1184 1175 1213 ,
1217 1156 1369 1220 quae
1408 1138 1607 1221 primo
1646 1137 1934 1221 adspectu
1972 1145 2073 1202 aut
2101 1138 2425 1221 pugnantia
2465 1147 2567 1202 aut
2603 1137 2858 1203 obscura

492 1238 832 1317 videantur,
883 1239 1220 1323 diligentius
1271 1241 1487 1306 iterum
1539 1242 1876 1325 iterumque
1914 1240 2289 1306 considerata
2326 1241 2574 1307 clariora
2623 1242 2750 1307 fleri
2801 1252 2861 1306 et

392 1360 433 1378 ··
496 1343 802 1410 conciliari
851 1343 1010 1409 inter
1044 1362 1115 1408 se
1151 1363 1337 1428 posse
1365 1344 1667 1423 defendat:
1707 1364 1847 1411 nam
1884 1346 2062 1410 utsit
2099 1344 2205 1422 ita,
2244 1345 2365 1411 hoc
2400 1354 2599 1411 tamen
2636 1346 2859 1430 ipsum,

494 1447 660 1533 quod
714 1446 902 1511 multa
946 1463 1076 1512 non
1120 1447 1238 1511 nisi
1285 1447 1591 1531 diligenter
1638 1447 1963 1513 identidem
2003 1447 2372 1514 considerata
2422 1450 2568 1514 satis
2617 1449 2859 1532 intelligi

494 1558 777 1635 possunt,
814 1569 1028 1635 parum
1064 1551 1380 1616 convenire
1416 1562 1564 1636 puto
1595 1552 1846 1617 carmini
1882 1553 1957 1617 ad
1986 1552 2348 1617 audiendum
2389 1571 2513 1617 non
2542 1553 2615 1617 ad
2653 1553 2859 1635 legen-

496 1653 848 1743 dumol'acto,
878 1662 942 1719 et
962 1654 1321 1720 confirmare
1348 1674 1560 1721 eorum
1592 1656 1968 1733 sententiam,
1999 1655 2103 1739 qui
2131 1656 2288 1722 hano
2316 1665 2587 1721 nostram
2613 1655 2858 1722 Iliadem

490 1752 620 1823 non
659 1757 750 1822 sic
783 1755 858 1821 ab
894 1755 1065 1821 initio
1118 1757 1546 1842 compositam,
1597 1759 1702 1823 sed
1753 1759 2080 1841 postmodo
2120 1758 2363 1824 demum
2401 1778 2474 1824 ex
2524 1761 2859 1826 minoribus

491 1859 793 1945 vari‘nque
818 1858 1183 1925 carminibus
1212 1871 1681 1944 coagmentatam
1720 1881 1857 1926 esse
1883 1862 2111 1927 volunt.
2199 1863 2586 1928 Auditoribus
2618 1864 2857 1946 quidem

492 1973 654 2029 certe
690 1964 905 2030 melius
945 1966 1286 2031 consultmn
1326 1968 1511 2046 foret,
1546 1967 1602 2031 si
1639 1967 1827 2044 illam,
1874 1976 1944 2031 ut
1991 1986 2129 2032 cum
2177 1966 2406 2051 Heynio
2444 1967 2680 2051 loquar,
2729 1989 2859 2033 me-

491 2067 712 2133 dullam
763 2069 1042 2135 carnibus
1090 2070 1287 2154 paullo
1346 2071 1548 2136 minus
1593 2071 2030 2137 luxuriantibus
2078 2070 2404 2136 involutam
2453 2081 2511 2136 et
2563 2072 2858 2138 obtectam

489 2166 852 2255 acciperent,
879 2192 1078 2258 neque
1105 2193 1467 2258 quemquam
1496 2192 1670 2257 aegre
1699 2177 1959 2240 laturum
1997 2183 2100 2240 aut
2128 2175 2600 2240 desideraturum
2642 2176 2860 2261 aliquid

492 2274 682 2342 ruisse
709 2294 946 2355 censeo,
976 2277 1027 2340 si
1058 2296 1093 2340 a
1121 2277 1257 2342 libri
1285 2278 1394 2342 XII
1421 2279 1541 2343 fine
1570 2279 1768 2343 statim
1800 2278 1875 2342 ad
1904 2279 2028 2356 XV,
2059 2277 2185 2344 390
2215 2278 2634 2355 deduceretur,
2669 2281 2859 2345 omis-

492 2381 582 2448 sis
611 2379 883 2447 versibus
911 2381 1169 2466 amplius
1199 2381 1359 2448 mille
1401 2383 1812 2467 septingentis.
1901 2382 2056 2448 Nam
2083 2390 2152 2448 ut
2178 2400 2343 2448 nunc
2369 2391 2481 2461 est,
2513 2401 2690 2468 quem
2721 2393 2854 2450 tan-

483 2483 631 2554 dem
674 2485 798 2550 sive
840 2486 1175 2552 auditorem
1221 2486 1346 2550 sive
1388 2486 1674 2552 lectorem
1715 2506 1843 2552 non
1894 2488 2208 2552 offenderit
2257 2495 2377 2552 tam
2423 2487 2593 2551 tarda
2636 2488 2855 2572 diuque

489 2588 668 2656 dilata
695 2587 951 2655 Patrocli
993 2589 1067 2655 ad
1106 2590 1395 2655 Achillem
1434 2588 1743 2655 reversio?
1840 2590 2079 2656 Scilicet
2116 2590 2462 2656 morabatur
2498 2611 2632 2656 eum
2681 2594 2853 2659 amici

485 2696 776 2762 vulnerati
816 2695 1064 2763 cumtio.
1163 2695 1463 2773 Quantillo
1503 2704 1699 2760 autem
1741 2706 2014 2779 tempore
2056 2714 2211 2779 opus
2253 2695 2436 2760 fuisse
2473 2695 2738 2760 dicemus
2778 2700 2854 2763 ad

486 2800 707 2866 vulnus
745 2791 1156 2883 obligandum,
1195 2801 1359 2883 quod
1397 2799 1525 2864 leve
1564 2798 1753 2863 luisse
1789 2817 1889 2863 res
1927 2798 2058 2883 ipsa
2098 2796 2515 2864 demonstrat?
2608 2800 2852 2866 Interim

489 2903 713 2969 Graeci·
743 2904 1039 2988 rugientes
1087 2923 1125 2969 e
1176 2922 1391 2986 campo
1441 2903 1505 2967 in
1567 2910 1759 2967 castra
1808 2902 2200 2990 repelluntur,
2260 2913 2612 2986 oppugnant
2661 2915 2854 2970 castra

486 3008 762 3086 Troiani,
803 3007 1253 3093 propugnacula
1282 3006 1588 3083 deiiciunt,
1619 3016 1858 3090 portam
1890 3005 2237 3089 effringunt,
2280 3005 2621 3091 irrumpunt
2651 2992 2853 3073 omniss-

485 3248 665 3304 Aisa·
699 3264 857 3304 naves
894 3249 1117 3303 omniun
1139 3257 1404 3303 extremae
1428 3248 1592 3303 ruisse
1615 3248 1855 3302 dicuntur
1876 3249 1928 3301 iu
1952 3248 2122 3301 altero
2146 3264 2306 3301 cornu
2329 3256 2642 3317 castrorum,
2666 3251 2778 3304 sive
2801 3251 2852 3304 id

398 3343 415 3359 ⁶
485 3336 725 3390 dextrum
761 3335 1000 3404 dicimus,
1032 3352 1065 3390 a
1087 3343 1233 3390 terra
1265 3336 1469 3389 seilicet
1486 3336 1553 3389 ad
1575 3350 1716 3389 mare
1741 3335 2193 3404 descendentibus,
2230 3336 2343 3389 sive
2366 3337 2647 3402 sinistrum,
2671 3353 2852 3392 ascen·

486 3422 724 3476 dentibus
755 3437 788 3475 a
819 3423 999 3476 littore
1022 3423 1076 3475 ia
1118 3437 1361 3492 eampum.
1430 3422 1547 3476 Nou
1571 3423 1730 3489 igitur
1761 3424 1929 3491 potuit
1965 3423 2049 3492 qui
2073 3422 2144 3475 ibi
2179 3424 2440 3492 irruperat
2461 3421 2603 3476 κατὰ
2630 3427 2855 3495 μέσσον

486 3524 627 3563 esse.
694 3505 873 3578 Itaque
894 3509 1229 3563 Aristarchus
1252 3509 1371 3562 illas
1396 3523 1573 3573 naves,
1599 3524 1728 3577 quae
1749 3507 1890 3575 xm,
1917 3507 2014 3560 681
2043 3517 2416 3577 aie-orantur,
2442 3526 2541 3563 nou
2567 3509 2853 3565 Telamouii
2923 3541 2928 3546 -

486 3596 581 3650 sed
612 3595 831 3650 alterius
862 3595 1037 3650 Aiacis
1060 3610 1179 3649 esse
1205 3595 1437 3660 volebat,
1472 3596 1607 3664 quod
1638 3610 1817 3664 parum
1850 3595 2129 3649 verisimile
2163 3610 2283 3648 esse
2318 3605 2552 3666 apparet.
2622 3596 2851 3667 noy-ins

488 3689 613 3738 ten.
645 3680 717 3738 vl
747 3699 799 3753 p.
834 3680 938 3735 ³68
980 3683 1148 3737 locum
1187 3683 1321 3735 bunc
1350 3680 1695 3734 adulterinum
1748 3688 1911 3750 putat.
1991 3681 2157 3734 Aliam
2191 3683 2442 3735 rationem
2474 3683 2699 3736 Lenzius
2740 3684 2851 3737 iniit

481 3786 534 3840 p.
557 3769 683 3835 25⁷,
706 3769 1102 3839 transponendis
1126 3767 1368 3822 versibus
1391 3766 1749 3821 difficultatem
1774 3767 2028 3819 removeri
2054 3783 2208 3836 posse
2233 3775 2397 3822 ratus.

615 3854 669 3922 9)
706 3854 795 3909 Sic
814 3853 954 3922 xm,
982 3854 1082 3909 156
1105 3856 1245 3908 inter
1266 3870 1376 3921 eos,
1401 3854 1489 3925 qui
1513 3869 1627 3907 cum
1649 3853 1874 3906 Hectore
1897 3861 2151 3923 pugnant,
2176 3856 2226 3907 h.
2251 3869 2299 3907 e.
2325 3855 2391 3908 ad
2415 3855 2630 3909 media-
2653 3864 2847 3926 purten

478 3942 627 4008 nuri,
660 3940 747 3994 ubi
777 3941 869 3995 ille
892 3937 943 3994 r.
969 3939 1073 3995 312
1105 3942 1357 4011 irrupisse
1389 3942 1606 4007 dicitur,
1641 3947 1725 3994 est
1746 3940 2068 4010 Deiphobus,
2104 3942 2155 3994 iu
2179 3958 2330 4011 quem
2353 3941 2613 3996 Meriones
2637 3942 2845 4008 hastan,

474 4044 775 4100 qua-quan
798 4028 1012 4096 frustra,
1037 4029 1261 4082 coniicit.
1322 4028 1581 4082 Meriones
1605 4028 1751 4081 basta
1777 4027 1943 4080 Fracta
1969 4029 2166 4082 recedit
2186 4029 2341 4082 aliam
2363 4030 2636 4099 petiturus,
2661 4030 2839 4083 deiude

479 4131 577 4168 nou
602 4115 798 4182 eodem,
824 4116 909 4169 ubi
931 4122 1087 4170 antea
1108 4123 1445 4186 pugnaverat,
1471 4115 1776 4179 revertitur,
1797 4115 1890 4167 sed
1915 4130 2028 4167 cum
2053 4113 2322 4168 Idomeneo
2347 4117 2411 4169 ad
2436 4115 2699 4170 sinistram
2728 4132 2843 4186 par-

474 4207 579 4253 tem
613 4216 672 4254 se
704 4201 931 4267 confert,
964 4218 1016 4254 v.
1044 4201 1165 4254 326.
1235 4200 1339 4254 Sed
1374 4215 1546 4254 eccon
1529 4199 1599 4252 iib
1582 4217 1731 4269 tquo
1734 4216 1882 4269 quen
1865 4199 1997 4253 idem
2033 4199 2225 4270 Deiopb
2195 4201 2322 4254 obus
2360 4209 2676 4269 compat
2679 4204 2839 4270 .‚402

472 4286 561 4356 qui
581 4288 730 4340 nodo
752 4288 887 4358 apud
908 4287 1180 4341 Hectorem
1205 4287 1388 4356 fuerat,
1417 4303 1580 4356 neque
1606 4287 1790 4355 relinqu
1774 4288 1878 4338 isse
1904 4287 2031 4339 banc
2069 4289 2341 4341 stationem
2366 4288 2532 4341 dictus
2556 4295 2656 4342 est.
2727 4289 2842 4342 Alia

475 4373 582 4426 vid.
604 4372 961 4442 ⁸1³.me
984 4390 1036 4444 p.
1062 4373 1184 4426 255.
1276 4393 1282 4397 ·
