3102 4866
1404 282 1521 346 ιω
1593 233 1599 239 ’

282 464 720 560 μελανόφρων
764 480 825 537 et
860 466 1316 563 κελαινόφρων
1357 473 1569 555 (Ειιιιι.
1599 495 1657 539 v.
1698 476 1890 555 451),
1928 471 2436 557 quemadmodum
2475 471 2653 536 etiam

283 568 663 662 φαιοχίτων
687 594 801 659 pro
830 570 1243 663 μελαγχίτων
1284 578 1606 662 Aeschylus
1635 579 1783 644 dixit
1808 578 2076 662 OEoeph.
2104 575 2381 642 v..1046.

460 681 618 747 Haec
654 693 799 747 sunt
834 703 983 767 qnae
1023 684 1084 747 in
1121 682 1487 749 Cassandrae
1521 684 1797 769 episodio
1834 699 1961 748 non
1999 678 2469 765 improbabilitoe
2504 679 2650 745 mihi

281 786 636 852 emendasse
673 787 901 852 videor:
940 805 1105 853 nunc
1153 789 1228 852 de
1270 790 1544 871 proxima
1595 796 1783 875 parte
1802 787 2031 852 fabulae
2077 785 2429 864 videbimus,
2477 785 2651 851 mins

287 891 432 955 item
461 892 687 975 aliquot
713 892 958 957 vulnera
987 892 1248 958 curanda
1277 902 1480 969 erunt,
1510 893 1624 958 sed
1657 912 1774 959 nec
1808 890 1988 985 nimis
2018 891 2216 973 gravia
2241 890 2375 968 illa,
2402 909 2518 956 nec
2544 889 2653 955 ad-

285 994 540 1059 modum
571 1004 784 1060 sanatu
812 995 1089 1061 difficilia.
1146 998 1237 1063 Ac
1261 999 1526 1082 primum
1557 997 1795 1081 quidem
1824 996 1890 1060 in
1917 993 2412 1079 Clytaemnestra
2436 994 2657 1070 verbis,

284 1117 440 1180 quae
490 1107 636 1181 post
683 1108 1089 1183 perpetratam
1133 1102 1289 1186 regis
1328 1103 1571 1167 caedem
1618 1102 1683 1167 in
1734 1118 1981 1166 somam
2031 1098 2321 1247 prodiens
2369 1098 2654 1245 loquitur,

287 1222 340 1273 v
382 1200 695 1389 ¹3:338sp
695 1286 966 1355 πολλῶν
1007 1284 1352 1379 πάροιθεν
1392 1238 1677 1380 καιρίως
1717 1284 2095 1382 εἶρημένων
2152 1342 2165 1363 .-

692 1384 985 1460 τάναντί’
1017 1387 1236 1461 εἰπεῖν
1278 1417 1401 1462 ουκ
1444 1390 2241 1485 ἐπαισχυνθήσομαι..

693 1495 847 1578 πῶς
890 1494 1013 1587 γάρ
1056 1520 1164 1578 τις
1206 1494 1482 1589 ἐχθροῖς
1521 1494 1745 1589 ἔχθρα
1787 1496 2166 1588 πορσύνων,
2210 1489 2457 1590 φίλοις

699 1599 1015 1670 δοκοῦσιν
1058 1591 1267 1686 εἶναι,
1313 1600 1620 1694 πημονὴν
1664 1596 2079 1691 α’ρκύστατον
2210 1682 2217 1687 ,
2308 1662 2331 1681 ,Α
2456 1676 2471 1684 ,

698 1702 1012 1797 φράξειεν
1055 1702 1231 1794 ν’ψος
1266 1710 1582 1797 κρεῖσσον
1620 1703 2132 1798 ἑκπηδήματοςς
2216 1702 2221 1707 ’

284 1810 670 1876 scribendum
698 1813 904 1898 utique
935 1833 1069 1879 cum
1101 1814 1447 1880 Hermanno
1478 1810 1790 1902 πημονῆς
1833 1801 2186 1899 aenaim-or?
2216 1801 2327 1877 ἅνι
2358 1811 2463 1877 sed
2494 1811 2657 1895 quod
2702 1817 2763 1870 12

283 1915 447 1979 idem
488 1916 553 1979 in
581 1935 757 1981 versu
785 1918 956 1983 tertio
988 1914 1130 1998 πᾶς
1168 1939 1282 2003 pro
1322 1916 1474 1996 πῶς
1503 1918 1773 2005 scripsit,
1802 1917 2027 1983 nollem
2058 1918 2280 1983 factum
2298 1918 2380 1998 4).
2437 1915 2658 1999 Vulga-

284 2030 379 2085 tae
407 2019 1005 2088 lectionis‘sententia
1036 2024 1184 2089 haec
1212 2033 1331 2091 est:
1372 2042 1526 2091 non
1565 2041 1674 2086 me
1711 2014 1933 2107 pudet
1968 2038 2160 2086 nunc
2184 2020 2402 2105 aliter
2426 2019 2662 2104 loqui,

284 2135 500 2210 atque
568 2124 738 2190 olim
805 2128 1122 2211 tempori
1200 2129 1539 2195 serviens
1609 2115 2040 2212 (καιρίως)
2110 2123 2662 2213 dissimulanter

281 2230 590 2313 loquuta
629 2248 810 2296 sum:
851 2250 990 2315 quo
1021 2232 1206 2297 enim
1247 2231 1458 2297 modo
1497 2231 1751 2316 possit
1777 2229 2045 2315 aliquis
2085 2225 2659 2305 insidiasinimi-

285 2334 391 2399 cis
445 2334 996 2419 insuperabiles
1044 2349 1364 2416 struere,
1413 2336 1638 2403 scilicet
1675 2336 1794 2401 nisi
1838 2335 1956 2414 sic,
1993 2344 2062 2399 ut
2098 2353 2237 2417 ego,
2273 2334 2340 2397 in
2378 2340 2663 2417 *tempore

151 2433 156 2437 ⁴
286 2436 667 2505 dissimulet?
753 2440 1053 2507 Reticetur
1081 2453 1277 2509 autem
1318 2444 1466 2509 haec
1502 2443 1766 2508 conditio
1786 2490 1804 2518 ,
1845 2449 2059 2524 utpote
2099 2439 2262 2504 facile
2302 2458 2337 2503 e
2377 2445 2664 2521 contextu

285 2544 806 2629 subintelligenda,
837 2547 1057 2627 usitato
1090 2547 1449 2612 Graecorum
1484 2567 1655 2613 more
1684 2546 1746 2611 in
1776 2544 2124 2611 huiusmodi
2153 2541 2662 2621 enuntiationibus
2781 2586 2791 2596 -

283 2658 433 2732 post
461 2643 587 2734 γάρ
617 2658 678 2713 et
705 2642 895 2728 ἐπεί,
937 2670 1122 2735 quum
1152 2652 1429 2736 superius
1471 2651 1769 2716 dictorum
1810 2649 1961 2715 ratio
1993 2648 2287 2724 redditur,
2320 2646 2420 2711 ubi
2450 2656 2664 2711 noster

284 2772 488 2817 sermo
520 2753 759 2836 aliquod
790 2754 1168 2833 adverbium,
1206 2766 1275 2820 ut
1301 2755 1449 2841 fouit
1479 2754 1568 2819 vel
1597 2760 1837 2839 tumere,
1868 2772 2162 2839 usurpare
2189 2752 2344 2817 solet
2371 2750 2446 2817 ad
2471 2750 2660 2816 omis·

285 2877 417 2921 sam
449 2858 723 2940 protasin
756 2857 1225 2941 significandam.
1316 2859 1553 2937 Quodsi
1580 2859 1869 2943 Aeschylo
1901 2877 2141 2942 quoque
2171 2856 2432 2922 scribere
2455 2856 2664 2942 placu-

283 2961 462 3025 isset:
492 2956 645 3039 πῶς
689 2955 813 3047 γάρ
857 2982 966 3040 τις
1010 2952 1271 3042 ἄλλως
1313 2956 1531 3050 ἐχθρὰ
1574 2957 2047 3051 μηχανώμενος
2090 2954 2388 3046 ἐχθροῖς,
2435 2951 2666 3049 φίλοις

286 3063 612 3130 δοκοῦσιν
641 3053 818 3131 εἶναι
829 3112 849 3147 ,
893 3064 1204 3156 πημονῆς
1249 3057 1603 3154 α’ρκύοταέ
1652 3055 1738 3131 &v
1780 3060 2127 3155 φράξειεν,
2167 3082 2350 3128 nemo
2389 3064 2663 3149 profecto

284 3170 601 3234 haesisset.
689 3168 809 3235 Sed
862 3171 937 3235 de
985 3173 1100 3237 ista
1142 3171 1475 3237 omissione
1517 3189 1618 3235 res
1652 3170 1721 3259 *in
1762 3170 2158 3253 vulgus-nota
2204 3176 2299 3232 est
2338 3177 2400 3232 et
2442 3166 2559 3231 iam
2601 3166 2664 3230 in

285 3273 660 3338 scholasticis
697 3274 868 3340 libris
907 3276 1155 3354 tradita,
1199 3285 1268 3340 nt
1305 3296 1339 3340 a
1385 3276 1655 3359 Krt‘igero
1687 3275 1749 3338 in
1779 3294 1865 3368 gr.
1898 3293 1986 3357 gr.
2020 3278 2057 3352 ἦ
2084 3274 2201 3351 54,
2238 3271 2344 3351 12,
2373 3272 2414 3336 9
2436 3270 2663 3354 p,.173

286 3377 362 3441 ed
401 3379 453 3441 1.
487 3387 548 3441 et
575 3376 997 3461 Naegelsbach.
1028 3380 1105 3444 ad
1135 3379 1201 3445 n.
1240 3382 1295 3458 1,
1327 3378 1476 3444 223.

465 3482 532 3545 V.
570 3481 782 3547 1382·
763 3501 827 3546 ιιι
860 3483 1128 3548 oratione
1152 3484 1681 3567 Clytaemestrae,
1712 3501 1828 3567 qua
1852 3482 2039 3547 choro
2067 3480 2306 3546 caedem
2327 3481 2485 3565 regis
2506 3481 2665 3546 haud

288 3585 541 3650 inultam
572 3585 702 3649 fore
729 3586 980 3651 minanti
1007 3588 1369 3670 respondet,
1397 3588 1548 3651 haec
1575 3586 1924 3668 leguntur:

1312 3685 1484 3775 λέγω
1529 3684 1609 3757 δέ
1650 3708 1766 3756 σοι

563 3843 603 3882 ·;
699 3784 955 3858 τοιαῦτ’
1000 3784 1307 3880 ἀπειλεῖν
1349 3785 1444 3874 ὥς
1486 3684 2154 3933 παρεσκευαᾶμὲνῃς
2333 3845 2341 3852 .

432 4085 484 4150 4)
524 4079 731 4138 Olimin
700 4083 943 4154 nOpusc.
973 4083 994 4135 1
1025 4100 1074 4152 p.
1099 4083 1166 4136 98
1190 4083 1243 4135 vi
1247 4099 1275 4135 r
1298 4051 1524 4136 summus
1548 4083 1676 4142 πῶς
1696 4082 2014 4147 retinuerat,
2049 4081 2333 4149 scripserat
2360 4086 2530 4133 antem
2557 4097 2669 4147 πη-

290 4173 477 4246 ιιονῆς
497 4164 870 4242 ἀρκυστάτων
892 4165 1108 4243 φράξεί
1158 4165 1242 4225 ἂν
1262 4163 1420 4239 ὕψος
1439 4199 1510 4210 -
1521 4170 1697 4239 ,quod
1716 4184 1810 4221 cur
1826 4175 2007 4238 postea
2027 4166 2380 4236 repudiaverit
2392 4166 2557 4235 periti
2574 4182 2667 4220 sua

294 4260 562 4328 sipontea
505 4259 673 4312 intelli
659 4265 823 4326 theut
855 4258 1022 4310 minus
1053 4259 1211 4326 periti
1251 4271 1566 4380 cognoscere
1592 4262 1921 4381 poterunt
1878 4269 1947 4307 ex
1980 4252 2212 4307 Elmsleii
2240 4253 2571 4306 annotatione
2601 4254 2668 4305 ad

293 4345 474 4414 Eut-ip.
489 4343 650 4398 sed.
642 4360 711 4398 ·v.
731 4342 857 4396 416.
947 4370 954 4384 ·
1473 4365 1523 4384 ·.
1882 4367 1891 4380 .
2176 4356 2186 4370 ·
2350 4367 2357 4376 ,
