3102 4866
117 256 130 269 τ
211 260 216 267 -
239 254 261 275 ¹,
295 236 324 257 ’¹
423 232 450 245 *-

189 288 250 327 '’t‘-
396 290 446 315 ἲ..

102 322 112 339 ο.
157 322 166 329 ²
249 314 282 351 f,
306 320 312 325 '
429 318 454 337 ἦ,
797 332 804 339 .

153 374 186 391 2„
210 376 216 381 .
339 376 350 383 .
443 378 454 388 ,‚

253 500 731 597 Αμμύλισον
761 507 993 593 aliaque
1020 507 1288 574 eiusdem
1316 507 1550 590 ameris
1578 507 1879 591 plebemla
1909 509 2403 576 circumfument
2432 529 2627 597 psop-
2664 529 2728 583 ιε

211 604 394 684 ΕΙ
403 610 646 679 flaudes
685 613 1045 677 commissas
1095 629 1553 697 saepenumero
1578 605 1841 700 κύφωνι
1891 622 1955 678 et
1989 609 2212 701 τροχῷ
2252 614 2628 700 castigatum,

233 715 384 789 d·
386 716 765 783 verberatum
793 715 1234 800 mulcetumque
1262 726 1323 781 et
1347 724 1621 780 vexatum
1647 716 1770 781 ab
1752 736 1861 794 us,
1902 718 2121 800 quibus
2158 719 2427 786 fraudem
2466 720 2629 786 fece·

251 806 557 913 αξτφῡ
594 820 853 905 pertinet
896 819 1041 890 illud
1086 811 1304 907 κόμην
1355 811 1651 904 πώγωνά
1701 810 1770 884 τ’
1822 813 2299 905 ἐκτετιλμένος.
2402 822 2627 889 Servus
2742 910 2750 917 ὓ

254 917 551 993 subitan
577 923 906 999 libertinus,
932 923 1079 988 nibil
1108 923 1246 988 facit
1274 924 1350 989 ad
1381 943 1531 988 rem.
1617 923 1826 990 Potuit
1852 925 2015 990 euim
2052 936 2117 991 et
2152 945 2360 992 servus
2384 927 2631 993 institor

71 1092 84 1109 ,
229 1042 430 1106 ,Μ’
447 1029 512 1094 et
534 1026 870 1104 libertinus,
897 1027 1046 1092 dum
1074 1046 1153 1092 ne
1181 1026 1325 1092 civis
1346 1036 1535 1106 esset,
1562 1036 1816 1112 propter
1835 1029 2119 1094 maleficia
2146 1043 2404 1121 corpore
2427 1030 2626 1116 plecti.

113 1120 120 1127 ’
260 1133 539 1199 Eundem
587 1139 800 1216 postea
858 1131 933 1195 ad
990 1149 1239 1215 magnas
1291 1150 1443 1215 opes
1501 1133 1846 1216 pervenisse
1892 1134 2121 1199 nemini
2171 1134 2392 1201 mirum
2443 1135 2628 1202 videri

259 1245 495 1321 potest,
546 1235 653 1318 qui
701 1235 1015 1301 libertinos
1068 1236 1348 1301 homines
1394 1236 1722 1302 ditissimos
1766 1257 2196 1323 saepenumero
2252 1239 2445 1303 tactos
2495 1258 2633 1305 esse

264 1339 624 1405 meminerit.
713 1339 794 1404 Ut
831 1357 966 1404 uno
1003 1338 1187 1404 verbo
1235 1339 1456 1418 dicam,
1494 1342 1629 1407 talis
1670 1344 1792 1407 sere
1828 1344 2076 1408 Artemo
2114 1342 2467 1427 cogitandus
2515 1351 2629 1420 est,

267 1444 508 1528 qualem
541 1442 886 1528 Crispinum
935 1444 1120 1509 istum
1158 1463 1231 1508 ex
1268 1444 1540 1509 Iuvenale
1588 1447 2030 1529 cognoscimus.
2126 1447 2276 1512 Nam
2315 1446 2629 1531 Crispinus

266 1568 527 1633 quoque,
557 1567 745 1631 quum
776 1568 984 1614 servus
1013 1557 1193 1622 esset,
1224 1551 1442 1629 (vema
1471 1547 1702 1635 Canopi
1724 1550 1847 1615 luit.
1870 1551 1914 1627 1,
1944 1550 2055 1632 26)
2091 1550 2418 1616 libertatem
2448 1558 2510 1615 et
2534 1551 2630 1616 di·

262 1653 439 1717 vitias
467 1662 678 1717 nactus
708 1662 830 1729 est,
861 1653 1078 1736 quibus
1109 1652 1182 1717 ad
1212 1652 1503 1717 luxuriam
1534 1662 1596 1717 et
1623 1653 1930 1718 mollitis-
1960 1654 2317 1720 abutebatur
2344 1658 2632 1720 σεσείυκιι

267 1757 464 1841 diyn'tis
508 1756 860 1821 mantibus
905 1777 1127 1822 aarum
1177 1756 1500 1830 vernilem,
1550 1758 1674 1820 lere
1718 1768 1788 1822 ut
1826 1758 2068 1822 Artemo
2114 1752 2362 1845 χρύσεα
2402 1755 2633 1848 φορῶν

266 1855 673 1946 καθέρματα
737 1869 798 1925 et
839 1854 1241 1949 σκιαδίσκην
1284 1852 1713 1949 ἐλεφαντίνην
1746 1871 2004 1944 gestans.
2092 1861 2286 1927 Porro
2316 1862 2630 1946 Crispinus

268 1964 634 2031 institoriam
675 1977 989 2048 quaestum
1029 1968 1273 2042 lecerat,
1299 1963 1520 2029 siluros
1558 1952 1814 2031 &endem
1854 1966 2002 2047 (luv.
2042 1966 2136 2042 lv,
2166 1965 2303 2046 33),
2337 1965 2625 2050 qu'emad-

267 2070 520 2134 modum
558 2072 941 2134 Artemonem
987 2089 1225 2153 quoque
1267 2070 1329 2133 in
1369 2068 1548 2133 simili
1576 2088 1804 2150 genere
1851 2079 2203 2154 occupatum
2250 2069 2624 2152 agnovimus.

268 2173 539 2256 Denique
578 2174 730 2238 sicut
764 2173 1103 2257 Crispinum
1144 2172 1432 2238 Iuvenalis
1482 2171 1680 2235 servili
1730 2181 1791 2237 et
1824 2173 2078 2238 barbaro
2125 2174 2329 2238 babitu
2373 2173 2625 2249 inducit,

260 2280 471 2362 patria
490 2296 729 2361 papyro
758 2281 1116 2342 succinctum
1153 2276 1256 2351 lv,
1285 2277 1402 2352 24,
1439 2276 1517 2340 ita
1546 2277 1858 2341 Artemoni
1879 2277 1976 2369 ‚ab
2003 2278 2374 2343 Anam-eunte
2400 2277 2629 2343 servilis

269 2392 331 2447 et
357 2380 672 2460 barbarus,
711 2381 773 2446 ni
805 2381 1002 2460 fallor,
1040 2380 1292 2446 vestitus
1330 2379 1626 2445 tribuitur.
1715 2380 1987 2447 Primum
2025 2376 2375 2470 βερβέριον
2411 2401 2627 2468 quam—

267 2505 448 2570 quam
479 2486 620 2569 quid
652 2487 730 2550 sit
757 2505 870 2570 pro
894 2495 1057 2551 certo
1088 2486 1202 2551 dici
1231 2504 1356 2550 non
1386 2493 1607 2568 potest,
1632 2505 1840 2549 vocem
1872 2495 2071 2550 tamen
2094 2486 2411 2552 barbaram
2441 2487 2655 2553 suisse-

267 2589 489 2666 iudico‚
517 2598 578 2653 et
605 2590 934 2672 significare
962 2590 1170 2672 capitis
1200 2590 1499 2673 quoddam
1533 2599 1969 2673 tegumentum,
2009 2590 2227 2674 pileum
2258 2586 2360 2655 aut
2386 2591 2629 2656 mitram

266 2692 342 2758 ab
379 2693 617 2757 Asianis
657 2695 860 2759 nescio
900 2695 1114 2777 quibus
1164 2704 1267 2759 aut
1303 2694 1633 2759 Thracibus
1672 2694 1937 2759 Abderae
1973 2694 2182 2758 vicinis
2218 2694 2438 2778 gestari
2476 2694 2627 2759 soli·

266 2806 420 2874 tam,
461 2817 711 2882 eamque
740 2800 994 2863 fortasse
1029 2797 1093 2861 iu
1123 2798 1308 2881 apicis
1338 2799 1594 2862 sormam
1626 2817 1881 2882 superne
1910 2797 2292 2863 constrictam
2331 2809 2392 2864 et
2418 2817 2626 2863 coarc-

267 2911 480 2979 tatam,
537 2895 1011 2991 ἔσφηκωμένον
1072 2893 1404 2985 κάλυμμα.
1510 2902 1662 2967 Nam
1717 2902 1791 2966 de
1841 2903 2112 2985 corporis
2161 2903 2406 2979 amictu,
2463 2902 2624 2985 quod

268 3008 411 3071 resti
449 3016 608 3071 arcte
656 3008 1185 3088 constringeretur,
1234 3005 1429 3070 nolim'
1460 3006 1581 3070 hoc
1619 3025 1755 3070 cum
1796 3006 2049 3088 Bergkio
2095 3006 2391 3089 accipere,
2439 3023 2627 3088 quum

268 3112 409 3194 quia
453 3104 767 3193 κάλυμμα
818 3111 1183 3195 frequentius
1239 3119 1397 3174 certe
1441 3110 1515 3174 de
1573 3110 1782 3193 capitis
1840 3118 2182 3192 tegumento
2224 3110 2498 3186 dicitur„
2521 3111 2624 3189 (ct.

267 3216 573 3298 Aristoph.
612 3216 861 3299 Lysistr.
901 3235 957 3278 r.
998 3213 1145 3279 530.
1188 3213 1361 3294 532.)
1401 3224 1529 3279 tum
1572 3214 1708 3297 quia
1749 3214 1823 3278 de
1861 3213 2132 3296 corporis
2172 3214 2392 3278 amictu
2430 3212 2494 3277 in
2523 3232 2625 3277 se-

270 3319 588 3403 quentibus
620 3320 859 3383 demum
891 3327 1070 3403 poeta
1106 3319 1388 3401 loquitur.
1478 3313 1757 3387 Ξύλινοι
1803 3308 2219 3403 ἀστράγαλοι
2255 3316 2415 3382 haud
2448 3317 2626 3382 dubie

267 3423 538 3489 tessellae
574 3433 717 3489 sunt
754 3423 1003 3506 ligneae,
1050 3442 1164 3506 pro
1212 3422 1373 3488 bacis
1410 3432 1513 3486 aut
1550 3422 1803 3504 gemmis
1848 3422 2144 3487 inaurium
2191 3442 2226 3487 a
2264 3421 2624 3506 pauperibus

268 3537 607 3611 usurpatae.
695 3528 771 3593 Et
807 3527 1102 3593 inaurium
1141 3546 1321 3593 usum
1361 3527 1425 3592 in
1456 3527 1689 3591 Asianis
1728 3526 2003 3610 gentibus
2045 3527 2226 3590 etiam
2263 3528 2423 3611 apud
2458 3526 2622 3592 viros

268 3632 607 3697 obtinuisse
650 3632 955 3707 novimus,
1007 3651 1192 3715 quum
1250 3632 1405 3715 apud
1454 3629 1712 3696 Graecos
1758 3632 1879 3696 fere
1923 3650 1959 3694 a
2000 3629 2346 3696 mulieribus
2388 3639 2623 3696 tautum

268 3744 659 3818 gestarentur.
749 3736 836 3801 Cr.
877 3736 1028 3802 Plin.
1068 3738 1141 3802 Β.
1181 3736 1256 3802 Ν.
1294 3735 1404 3814 XI,
1444 3734 1547 3812 37,
1593 3737 1696 3800 50.
1796 3735 2078 3819 Sequitur
2111 3735 2294 3800 vestis
2333 3735 2620 3811 coriaeea‚

269 3859 421 3925 quae
462 3851 522 3905 et
561 3841 690 3923 ipsa
720 3840 964 3930 Graecis
1003 3842 1309 3917 inusitata,
1348 3843 1514 3921 (natu
1549 3835 1900 3928 διφθέρας
1925 3858 2109 3904 nemo
2141 3839 2431 3919 obiiciet‚)
2463 3837 2621 3922 apud

268 3945 557 4011 barbaros
586 3944 910 4009 nonnullos
952 3946 1014 4010 in
1045 3965 1157 4010 usu
1191 3945 1374 4010 fuisse
1412 3945 1671 4022 videtur,
1699 3945 1858 4011 velut
1882 3945 2041 4028 apud
2071 3943 2290 4008 Persas
2319 3951 2470 4007 teste
2497 3941 2621 4005 He-
2666 3988 2691 4000 -

268 4051 486 4117 rodoto
530 4049 558 4115 1
602 4070 733 4133 cap.
779 4050 882 4114 71.
954 4050 1316 4115 Artemonis-
1339 4059 1535 4114 autem
1580 4050 1758 4115 vestis
1804 4068 1993 4132 quum
2040 4037 2281 4128 εἴλυμα
2325 4035 2625 4124 ἀσπίδος

272 4154 759 4233 ruisse‘dieamr,
803 4172 929 4218 non
972 4173 1038 4218 ea
1081 4155 1247 4238 pellis
1294 4155 1904 4238 cogitandavidetur,
1951 4171 2101 4236 quae
2139 4151 2201 4215 in
2237 4151 2373 4234 ipso
2415 4150 2619 4234 clypeo

271 4260 489 4325 luerat:
529 4260 675 4324 haec
711 4259 872 4324 enim
913 4267 976 4322 et
1012 4259 1270 4324 crassior
1309 4259 1467 4325 haud
1508 4259 1685 4323 dubie
1723 4259 1859 4334 fuit,
1899 4274 2081 4339 quam
2124 4262 2189 4318 ut
2223 4255 2411 4320 vestis
2450 4274 2523 4320 ex
2549 4275 2620 4320 ea

272 4364 482 4430 confici
517 4374 753 4448 posset,
790 4381 990 4448 neque
1021 4373 1183 4429 reete
1221 4355 1462 4448 εἴλυμα
1504 4363 1620 4429 dici
1647 4363 1873 4447 potuit,
1913 4380 2101 4448 quum
2137 4378 2268 4426 non
2296 4360 2623 4428 circumdet
