3102 4866
305 457 632 552 baba,
674 492 794 558 qua
839 475 1040 559 specie
1085 492 1353 560 unquam
1399 477 1830 544 Prometheum
1877 479 2262 562 propositum
2309 500 2445 548 esse
2489 482 2707 573 paruiii

351 577 634 644 <audibile
674 590 786 644 est.
863 579 924 644 Is
974 580 1279 663 prominet
1327 580 1571 647 dimidia
1622 583 1744 647 fere
1792 582 1887 648 sui
1936 590 2112 667 parte
2154 603 2190 648 e
2233 592 2400 649 strue
2449 587 2705 670 quadam

349 681 649 765 lapidum,
690 682 935 747 rudium
973 683 1214 767 quidem
1252 684 1518 762 illorum,
1573 685 1680 751 sed
1719 687 1931 751 ordine
1967 696 2167 752 tamen
2205 689 2705 772 compositorum,

346 793 592 850 utesse
631 785 932 851 solemia
970 788 1278 866 aedificiis,
1307 807 1469 872 quae
1507 790 2110 874 cyclopiadicnntur,
2147 791 2271 856 nisi
2308 793 2708 876 quodinhac

351 889 586 974 pictura
633 889 860 973 lapides
910 891 1060 955 satis
1110 893 1276 976 parvi
1326 904 1495 968 sunt,
1545 894 1909 978 maximique
1936 914 2173 972 eorum,
2224 895 2278 960 si
2326 895 2402 960 ad
2441 897 2705 963 hominis

351 1010 699 1058 menam-am
722 1004 1173 1079 comparentur,
1213 996 1310 1061 vix
1338 997 1548 1082 capitis
1579 998 1830 1063 modum
1860 1000 2178 1101 excedunt,
2216 998 2482 1077 minimi,
2512 1020 2709 1085 quan·

297 1098 305 1109 '
350 1105 455 1162 tos
494 1097 664 1163 facilc
698 1116 919 1164 manus
962 1107 1128 1165 totos
1167 1102 1665 1185 comprehendat.
1713 1103 1988 1168 universa
2027 1112 2226 1168 autem
2271 1104 2506 1187 species
2552 1106 2711 1171 muri

353 1211 450 1269 est
485 1203 1084 1286 autimpertectiaut
1120 1202 1329 1279 diruti,
1370 1206 1757 1289 qualispecie
1791 1224 2037 1290 rupem,
2076 1207 2711 1292 inquaPrometbeus

350 1308 592 1373 vinctus
625 1306 763 1383 init,
799 1315 1248 1391 repraesentare
1282 1325 1465 1374 nemo
1491 1310 1766 1392 profecto
1802 1311 2018 1393 potuit
2074 1310 2336 1396 Denique
2375 1313 2607 1379 advolat
2634 1313 2712 1378 ad

351 1411 1205 1494 hominemserpcnsalatus.
1252 1413 1844 1497 quamproaquila,
1881 1413 2711 1501 Prometheicorpuslania·

355 1524 520 1593 tui-a,
553 1533 594 1579 a
615 1513 848 1598 pictore
877 1513 1268 1579 substitutum
1297 1525 1564 1581 esseaut
1589 1517 1862 1600 potuisse
1890 1518 2171 1583 substitui
2196 1537 2508 1603 nunquam
2527 1519 2710 1586 nobis

354 1618 829 1705 persuadebitiu.
865 1653 958 1667 —
993 1618 1252 1685 Necesse
1290 1628 1385 1685 est
1420 1621 1603 1702 igitur
1639 1621 1795 1685 aliud
1835 1640 1973 1686 esse
2010 1620 2190 1687 liuius
2227 1622 2496 1706 picturae
2533 1642 2711 1707 argu-

356 1731 664 1790 menum·
688 1724 992 1807 quodnam
1021 1724 1127 1800 sit,
1165 1741 1293 1789 non
1321 1723 1564 1808 quidem
1591 1725 1812 1808 pudeat
1839 1745 1938 1790 me
1963 1726 2227 1802 nescire,
2269 1744 2464 1811 neque
2492 1736 2713 1805 tamen,

357 1828 503 1914 quid
529 1828 688 1893 mibi
732 1827 1025 1905 videatur,
1072 1828 1270 1892 dicere
1316 1828 1790 1904 verecundabor,
1838 1847 2023 1912 quum
2069 1832 2424 1913 praesertim
2462 1831 2713 1897 Iahnius

356 1942 595 2010 noster,
662 1932 1086 2014 archaeologus
1146 1931 1575 2016 peritissimus,
1643 1931 1801 1997 idem
1860 1933 1979 2031 sibi
2041 1934 2267 2000 dudum
2324 1935 2521 2000 visum
2578 1955 2715 2000 esse

361 2038 810 2122 significaverit,
857 2037 923 2101 in
961 2035 1273 2103 Palamede
1321 2055 1381 2119 p.
1421 2036 1534 2111 44,
1582 2037 1877 2121 mulque
1922 2056 2133 2103 eorum
2177 2057 2278 2104 me
2315 2039 2714 2116 admonuerit,

360 2161 514 2228 quae
531 2141 597 2207 in
624 2141 874 2207 eandem
895 2139 1249 2205 sententiam
1280 2158 1315 2204 a
1333 2140 1464 2205 viro
1491 2139 1914 2219 illustrissimo,
1943 2141 2094 2207 duce
2115 2141 2190 2207 de
2209 2142 2466 2226 Luynes,
2495 2142 2714 2225 scripta

360 2256 504 2314 sunt
537 2246 601 2311 in
629 2244 957 2310 Annalibus
993 2244 1135 2309 inst.
1176 2243 1466 2310 arcliaeol.
1505 2254 1655 2310 tom.
1683 2244 1733 2321 1,
1760 2265 1893 2331 pag.
1925 2245 2054 2311 407
2094 2265 2227 2331 sqq.
2286 2245 2506 2312 Videor
2542 2246 2721 2330 igitur

359 2352 508 2418 mibi
571 2349 881 2425 ‚bominem
948 2366 1271 2432 agnoscere
1325 2349 1389 2438 in
1455 2367 1764 2414 cavernam
1826 2349 2163 2435 Trophonii
2228 2351 2717 2430 descendentem

362 2474 612 2540 eamque
649 2453 1004 2519 sententiam
1041 2454 1217 2519 etiam
1257 2464 1470 2519 contra
1503 2454 1799 2519 Welckeri
1836 2454 2334 2539 disputationem,
2374 2457 2440 2520 in
2476 2456 2741 2522 Diumis·

364 2559 714 2645 antiquariis
743 2579 796 2623 a.
834 2555 1020 2635 1838,
1059 2577 1121 2642 p.
1152 2558 1299 2636 219,
1328 2558 1494 2623 facile
1529 2558 1768 2624 defendi
1803 2577 1989 2642 posse
2027 2559 2302 2625 arbitror.
2361 2559 2514 2624 Nam
2555 2561 2719 2644 quod

247 2681 252 2688 ·
364 2666 420 2730 is
454 2663 832 2731 Palamedem
871 2662 1301 2745 repraesentari
1341 2662 1528 2727 credit
1563 2662 1860 2747 lapidibus
1898 2663 2210 2740 obrutum,
2248 2664 2343 2728 vix
2382 2663 2585 2728 minus
2622 2664 2721 2728 in·

365 2768 642 2836 aedibile
667 2774 786 2843 est,
825 2784 1004 2850 quam
1041 2766 1183 2831 illud
1212 2766 1287 2831 de
1313 2766 1697 2831 Prometheo.
1757 2766 2023 2833 Primum
2064 2767 2225 2832 enim
2254 2767 2318 2832 in
2343 2767 2722 2850 lapidatione,

366 2892 556 2960 quum
603 2870 830 2955 lapides
867 2891 903 2935 a
952 2888 1166 2954 magna
1215 2870 1594 2935 multitudine
1644 2870 2070 2948 coniiciuntur,
2120 2870 2237 2935 lios
2286 2889 2470 2935 nemo
2525 2871 2725 2937 credet

365 2980 445 3043 ita
473 2977 688 3043 cadere
712 2995 926 3059 posse,
953 2983 1023 3040 ut
1050 2975 1113 3039 in
1141 2974 1299 3039 muri
1328 2973 1642 3078 diligenter
1669 2976 1999 3040 constructi
2029 2976 2285 3040 sormam
2317 2985 2549 3051 coeant,
2580 2995 2722 3041 eum
2800 3039 2816 3060 ‚

367 3093 594 3160 antem,
629 3082 694 3146 in
734 3099 916 3164 quem
955 3079 1205 3145 coniecti
1236 3087 1409 3156 sunt,
1448 3071 1714 3143 erectum
1744 3087 1931 3155 stare,
1973 3078 2118 3143 dum
2145 3077 2370 3162 lapides
2398 3079 2474 3144 ad
2500 3080 2726 3164 pubem

366 3206 559 3273 usque
596 3185 1046 3251 accumulantur
1081 3191 1141 3249 et
1178 3192 1322 3267 post
1359 3202 1496 3248 eum
1538 3182 1685 3248 adeo
1725 3183 1790 3248 in
1827 3183 2009 3248 altum
2050 3192 2405 3266 exsurgunt,
2443 3193 2511 3248 ut
2540 3202 2727 3268 snpra

365 3292 559 3378 ipsius
587 3300 764 3373 capnt
790 3290 1119 3367 emineant,
1148 3288 1656 3371 quemadmodum
1697 3287 1761 3352 in
1789 3287 1901 3351 bac
1929 3288 2156 3370 pictura
2187 3288 2410 3352 factum
2437 3287 2724 3352 videmus.

332 3399 507 3463 ·Non
536 3395 716 3478 igitur
742 3394 1031 3478 intelligo,
1062 3393 1163 3477 qui
1191 3393 1453 3476 potuerit
1479 3391 1824 3457 Welclierus
1865 3392 1941 3456 ad
1971 3391 2171 3474 ipsum
2202 3392 2548 3476 adspectum
2575 3410 2727 3474 pro·

368 3520 608 3578 vocare,
650 3500 755 3583 qui
789 3498 938 3563 milii
974 3497 1215 3582 quidem
1263 3514 1506 3561 omnem
1543 3495 1920 3579 lapidationis
1960 3494 2379 3577 cogitationem
2418 3495 2731 3560 excludere

369 3615 431 3673 et
468 3603 680 3691 procul
699 3649 707 3656 -
727 3621 931 3669 arcere
977 3600 1222 3666 videtur.
1292 3601 1470 3678 Quod
1518 3609 1714 3664 autem
1757 3599 2070 3664 introitum
2118 3598 2182 3663 in
2219 3617 2532 3664 cavernam
2570 3599 2729 3664 Tro·

369 3708 582 3795 phonii
630 3706 1063 3793 repraesentari
1111 3713 1314 3789 negat,
1363 3722 1492 3769 non
1542 3721 1689 3768 sane
1741 3703 1880 3768 ostii
1930 3703 2121 3767 instar
2168 3701 2469 3779 videmus,
2521 3703 2729 3787 patulo

356 3814 464 3889 ‚rel
528 3812 696 3879 aditu
750 3812 841 3876 vel
898 3812 1217 3876 descensu:
1288 3808 1395 3873 sed
1462 3809 1538 3874 ad
1594 3806 1932 3892 Trophonii
2000 3825 2311 3872 cavernam
2367 3807 2729 3871 descensum

371 3917 560 3986 misse
593 3915 844 4000 legimus
885 3934 995 3999 per
1046 3915 1316 3979 foramen
1345 3913 1863 3995 angustissimum,
1896 3929 2017 3993 quo
2046 3930 2232 3995 quum
2261 3911 2315 3975 is
2344 3911 2448 3993 qui
2478 3911 2731 3975 descen·

278 4041 294 4059 ¹
373 4041 554 4088 surus
604 4029 731 4088 erat
778 4019 963 4106 pedes
1014 4018 1385 4096 immisisset,
1432 4016 1636 4081 subito
1687 4014 1915 4080 occulta
1963 4015 2219 4099 quadam
2264 4016 2322 4080 vi
2365 4015 2527 4079 intus
2570 4014 2731 4079 abri-

374 4135 645 4212 pereturt
686 4126 863 4210 idque
909 4125 1181 4190 toramen
1220 4122 1407 4187 fuisse
1437 4122 1500 4186 in
1527 4121 1712 4185 latere
1750 4137 1972 4204 specus
2010 4120 2316 4185 cuiusdam
2354 4136 2483 4184 non
2517 4127 2735 4184 natura

281 4241 347 4296 14
382 4233 488 4298 scd
537 4240 665 4296 arte
716 4230 850 4295 facti
864 4278 883 4308 ,
917 4228 1110 4304 ,cuius
1162 4225 1474 4291 circuitum
1524 4223 1831 4309 probabile
1874 4233 1973 4288 est
2020 4223 2312 4307 lapidibus
2362 4231 2732 4288 exstructum
