3102 4866
1485 282 1619 348 104·

534 470 764 556 Regem
800 489 996 556 nuper
1043 471 1300 555 imperio
1338 472 1601 556 potitum
1628 472 1704 538 de
1738 472 1965 549 amico,
2017 471 2191 538 euim
2222 471 2437 538 auxilio
2465 488 2734 559 regnu

360 500 612 661 adeptus
649 577 761 654 sit
793 584 1048 660 propter
1081 575 1303 640 fretum
1332 575 1607 659 aliquod,
1645 594 1944 660 generoso
1983 574 2224 660 quidem
2263 575 2449 642 animi
2476 575 2734 661 imp*
2768 570 2775 579 '
2950 603 2958 610 ·

361 681 469 749 aed
500 688 710 746 eontra
727 680 888 762 regis
906 678 1224 762 imperium
1247 679 1645 745 commissum
1673 698 1902 765 poenae
1929 687 2298 764 inpetentem
2326 680 2731 763 pavium

361 802 494 850 non
529 782 734 875 modo,
756 784 822 846 in
860 783 1092 849 theatro
1121 783 1229 848 sed
1257 801 1335 848 ne
1363 783 1430 848 in
1455 783 1573 848 vita
1602 782 1846 868 quidem
1885 802 2250 870 magnopere
2280 779 2733 867 reprehendent
2824 770 2873 829 ζ,
2942 782 2983 819 =.,
3038 806 3049 817 .

360 888 509 953 dum
529 887 944 966 indicabimus,
972 889 1138 971 quod
1157 888 1327 972 regni
1348 887 1627 953 firmandi
1655 907 1860 954 curam
1890 889 2192 973 potiorem
2219 887 2493 954 babuerit
2510 889 2725 954 vetetis
2766 952 2777 963 ,

360 990 654 1059 amicitiae
679 992 992 1058 memoria.
1059 993 1481 1058 Verumtamen
1518 993 1576 1058 si
1614 994 1836 1058 tactum
1866 993 2009 1074 illud
2050 973 2227 1060 amici
2264 993 2726 1059 saluberrimum
2914 980 2928 1029 ’-

361 1095 588 1181 patn'ae
618 1096 810 1175 fuerit,
838 1096 1036 1181 sitque
1056 1097 1152 1162 ille
1171 1098 1471 1163 amantior
1489 1098 1721 1181 populi,
1751 1116 1934 1182 quam
1953 1117 2059 1162 rex
2077 1098 2232 1182 ipse,
2254 1097 2729 1164 consulendum·
2788 1097 2798 1105 ‘
2848 1106 2867 1201 J
2918 1111 2964 1173 j.

366 1220 484 1285 que
521 1200 752 1285 populo
793 1202 971 1266 etiam
1013 1201 1197 1266 invito
1225 1220 1366 1284 rege
1395 1220 1532 1266 etun
1568 1221 1810 1267 summo
1841 1221 1959 1267 suo
1988 1198 2251 1286 periculo
2282 1212 2556 1287 certaque
2581 1220 2727 1287 per·

363 1304 519 1370 nicie
545 1304 836 1382 statua-it,
867 1322 1073 1371 nonne
1101 1305 1464 1382 amabimus,
1508 1323 1634 1370 non
1663 1304 2091 1372 admirabimur
2118 1306 2244 1370 eius
2281 1306 2465 1371 animi
2492 1306 2726 1390 magni-

362 1408 653 1489 tudinem,
682 1428 810 1476 non
830 1409 1222 1490 laudabimus,
1248 1409 1410 1493 quod
1439 1410 1598 1492 regis
1628 1410 1780 1474 iram
1800 1411 2019 1475 mereri
2047 1428 2226 1494 quam
2255 1410 2466 1475 deesse
2492 1410 2726 1495 populo

363 1514 662 1592 maluerit,
700 1514 984 1598 denique,
1036 1514 1089 1578 si
1142 1522 1351 1598 optare
1376 1511 1714 1590 iubeamur‚
1762 1531 1891 1579 non
1917 1514 2080 1579 bunc
2119 1532 2299 1599 quam
2330 1514 2495 1579 illum
2524 1533 2726 1599 regem

363 1620 598 1685 haum-
624 1616 965 1684 malemus?
1022 1619 1204 1703 Atqui
1241 1617 1375 1684 talis
1413 1618 1591 1702 plane
1628 1618 1892 1684 conditio
1942 1628 2036 1683 est
2071 1617 2228 1682 Iovis
2268 1626 2329 1682 et
2363 1618 2729 1696 Promethei,

349 1721 422 1788 -si
440 1723 852 1788 Hei-mannum
892 1723 1222 1807 audiamus.
1295 1722 1525 1807 Regnat
1561 1721 1802 1806 quidem
1829 1721 2081 1806 Iupiter,
2122 1723 2228 1815 sed
2259 1723 2498 1807 dignior
2539 1742 2725 1808 regno

366 1827 762 1893 Prometheus
792 1837 904 1893 est.
953 1827 1084 1892 Nisi
1114 1829 1270 1892 rorte
1299 1827 1445 1892 nibil
1474 1828 1696 1892 referre
1723 1827 2007 1904 dieamus,
2036 1827 2197 1910 quali
2226 1828 2306 1892 sit
2333 1839 2436 1893 ant
2459 1848 2562 1893 rex
2590 1848 2755 1912 erga-

364 1931 661 2016 populum
704 1943 809 1998 aut
845 1933 1073 2017 Iupiter
1106 1952 1246 2016 erga
1297 1932 1581 1998 homines
1625 1933 1848 1996 animo.
1916 1931 2068 1996 Nam
2108 1932 2227 1996 boc
2255 1932 2494 2017 quidem
2533 1933 2761 1998 mani·.

365 2035 587 2100 testum
623 2046 741 2114 est,
783 2037 947 2103 illum
978 2037 1042 2101 in
1070 2037 1434 2103 Prometheo
1463 2036 1699 2113 Iovem,
1739 2037 1801 2101 in
1833 2054 1954 2120 quo
1984 2034 2363 2101 Hermannus
2402 2026 2729 2121 quidquam

364 2139 669 2223 tragoedia
705 2140 1018 2224 indignum
1048 2160 1184 2205 esse
1219 2149 1428 2224 negat,
1466 2140 1645 2205 talem
1673 2160 1827 2217 esse,
1857 2159 2036 2225 quem
2063 2158 2246 2205 nemo
2275 2158 2402 2206 non
2440 2141 2663 2206 victum
2691 2160 2728 2206 a

363 2243 728 2309 Prometheo
760 2263 940 2328 quam
968 2244 1256 2309 victorem
1286 2263 1423 2309 cese
1442 2244 1738 2308 maluerit.
1794 2243 1934 2309 Odit
1963 2244 2126 2310 enim
2154 2263 2345 2329 genus
2375 2245 2727 2322 humanum,

366 2347 625 2419 deleme
657 2357 860 2413 contra
890 2348 992 2413 fati
1020 2349 1181 2431 leges
1212 2349 1396 2433 cupit,
1421 2366 1729 2432 quumque
1758 2348 1956 2413 delere
1984 2357 2275 2432 nequeat,
2301 2369 2336 2414 a
2365 2349 2726 2415 Prometheo

364 2453 718 2537 impeditus,
771 2462 998 2518 sortem
1030 2465 1190 2518 certe
1223 2453 1545 2518 hominum
1575 2472 1757 2536 quam
1787 2453 2190 2518 miserrimam
2220 2473 2493 2533 manere,
2532 2474 2729 2539 neque

290 2617 296 2623 .
364 2575 672 2641 emergere
707 2575 814 2622 eos
853 2577 926 2622 ex
964 2556 1364 2622 abiectissima
1404 2556 1751 2623 conditione
1804 2565 1866 2621 et
1901 2557 1976 2622 ad
2018 2558 2444 2642 perfectionem
2482 2570 2729 2625 naturae

365 2680 511 2728 suae
538 2662 866 2748 pervenire,
889 2662 998 2726 sed
1027 2662 1350 2728 brutorum
1380 2664 1574 2727 instar
1601 2662 1884 2727 omnibus
1913 2662 2211 2728 humanae
2252 2663 2406 2727 vitae
2443 2652 2742 2729 subsidiis

369 2785 572 2832 carere
597 2765 742 2843 vult,
768 2765 1068 2850 illumque,
1099 2766 1202 2851 qui
1230 2766 1535 2831 miseritus
1566 2765 1885 2830 hominum
1916 2768 2116 2849 ignem
2151 2767 2225 2830 iis
2253 2775 2531 2851 artesque
2568 2776 2725 2833 attu-

241 2905 262 2924 .-
365 2872 518 2937 lerat
563 2871 833 2954 vitaeque
892 2869 1159 2935 melioris
1219 2869 1375 2934 viam
1437 2877 1900 2948 monstraverat,
1960 2870 2372 2936 crudelissimo
2433 2871 2726 2955 supplicio

365 2975 568 3054 afficit,
605 2975 930 3040 immemor
956 2974 1171 3038 veteris
1200 2973 1494 3052 beneficii,
1524 2992 1648 3057 quo
1678 2974 1922 3038 victoria
1952 2974 2069 3057 ipsi
2097 2992 2465 3059 regnumque
2505 2975 2580 3041 ab
2607 2977 2729 3042 hoc

366 3080 687 3146 bominum
730 3080 963 3143 fautore
999 3089 1239 3163 partum
1283 3087 1395 3143 est.
1477 3077 1655 3143 Hunc
1698 3078 1873 3142 talem
1909 3075 2111 3143 lovem'
2167 3096 2295 3143 non
2357 3079 2728 3148 immeritoa

367 3183 722 3270 quibusdam
754 3202 891 3248 cum
923 3183 1139 3250 Satana
1169 3191 1586 3267 comparatum
1607 3202 1747 3247 esse
1776 3183 2110 3248 fatebimur.
2163 3183 2316 3247 Nam
2340 3183 2544 3248 odium
2572 3193 2728 3249 certe

367 3289 603 3373 generis
625 3287 917 3354 humani
900 3306 960 3353 in
985 3297 1238 3371 utroque
1265 3306 1377 3371 par
1405 3295 1515 3363 est,
1547 3287 1815 3372 quamvis
1848 3287 2073 3372 dispari
2116 3288 2380 3372 potentia
2408 3287 2729 3372 modisque

367 3393 619 3459 diversis
649 3402 1023 3476 grassentur.
1092 3392 1474 3456 Hermannus
1505 3401 1705 3457 autem
1733 3393 1897 3457 hunc
1933 3411 2113 3457 suum
2144 3391 2344 3456 Iovem
2374 3392 2730 3474 tragoediae,

366 3506 442 3563 et·
463 3498 819 3582 Aeschyleae
855 3496 1126 3581 quidem,
1180 3496 1500 3579 convenire
1539 3487 1808 3560 iudicans
1853 3495 1994 3580 quid
2029 3495 2187 3560 aliud
2228 3514 2405 3580 quam
2445 3495 2578 3580 ipse
2617 3496 2726 3561 sibi

367 3599 766 3668 contradicit?
826 3599 1308 3686 quandoquidem
1348 3602 1661 3684 professus
1715 3608 1866 3675 erat,
1924 3618 2047 3665 non
2100 3600 2314 3665 debere
2363 3601 2730 3684 tragoediam

366 3725 634 3794 pugnare
671 3725 810 3770 cum
847 3705 1139 3789 religione
1175 3703 1454 3789 populari
1491 3721 1614 3767 nec·
1641 3721 1792 3786 quae
1822 3713 2025 3768 sancta
2057 3713 2117 3769 et
2144 3704 2498 3770 venerabilia
2527 3713 2731 3770 essent

363 3811 602 3898 privare
629 3809 726 3875 illa
765 3810 1075 3875 sanctitate
1112 3818 1288 3895 atque
1317 3808 1380 3872 in
1410 3814 1823 3891 contemptum
1863 3815 1966 3872 aut
1994 3807 2202 3873 odium
2231 3809 2542 3874 adducere.
2601 3809 2727 3873 Nisi

285 3971 288 3976 .
368 3918 528 3983 {orte
563 3914 771 3979 odium
806 3914 956 3979 nihil
986 3901 1224 3978 officere
1251 3911 1617 3978 venerationi
1646 3911 1943 3987 dicamus,
1972 3912 2437 3997 religionemque
2464 3922 2728 3977 veterum

367 4031 598 4088 metum
628 4020 1049 4085 tantummodo
1082 4018 1265 4083 sitisse
1306 4018 1445 4082 odio
1476 4017 1750 4081 mixtum.
1839 4015 1993 4081 Nam
2033 4016 2439 4101 duplicitatem
2469 4017 2623 4082 Iovis
2653 4034 2730 4081 ne

369 4126 680 4203 obtendat,
721 4133 781 4190 et
817 4124 1057 4189 licuisse
1093 4123 1248 4188 dieat
1275 4130 1486 4207 poetae
1513 4121 1579 4185 in
1606 4121 1797 4186 altero
1837 4121 2091 4206 impium
2132 4141 2267 4187 esse
2305 4121 2460 4186 salva
2488 4121 2726 4186 alterius

257 4309 258 4312 Ἴ
370 4231 697 4306 nocente,
725 4228 847 4294 boo
876 4228 1115 4313 quidem
1146 4227 1429 4311 effugium
1460 4224 1771 4310 superiore
1799 4225 2202 4311 disputatione
2229 4236 2500 4309 ereptum
2529 4234 2641 4289 eet.

544 4333 828 4424 Sequitur
861 4342 928 4397 ut
970 4333 1046 4396 de
1085 4332 1444 4398 Prometheo
1482 4330 1820 4409 videamus,
1854 4350 2034 4415 quem
2082 4331 2323 4413 quidem
2360 4347 2499 4411 ego,
2535 4328 2731 4393 nostri
2800 4392 2807 4406 ,

2726 292 2747 317 ,t
2810 290 2831 326 ς

2616 344 2659 373 *Η
2748 339 2792 379 ⁶¹.
2822 370 2828 375 ι
2874 352 2919 367 ¹·-
2948 372 2969 377 Α.

2616 372 2703 466 ξ.
2750 386 2773 423 γι
2796 374 2855 429 ‘'³7:⁴-
2912 402 2925 425 ².
2950 352 3058 489 ’‘q-³

2836 438 2845 449 ἱ
2886 442 2963 469 Γπ.

2984 492 2991 501 .
