3102 4866
1597 342 1691 415 aa
1789 371 1800 382 .

466 531 629 598 exitu
655 532 966 598 dissentio.
1054 531 1246 598 Ceteri
1272 540 1473 598 autem
1509 532 1662 616 epici
1689 550 1870 615 quam
1902 538 2059 595 recte
2087 537 2323 596 totum
2351 549 2647 614 ponere,
2677 530 2742 596 h.
2773 548 2854 597 e.·

467 637 763 702 actionem
792 637 868 702 ab
898 636 1068 701 initio
1098 656 1291 721 usque
1322 638 1396 703 ad
1435 637 1618 702 finem
1646 635 1757 699 rite
1785 636 2073 699 deducere
2102 634 2408 711 valuerint,
2435 636 2557 699 hoc
2584 635 2826 719 quidem

467 741 816 806 Aristoteles
844 760 1038 824 neque
1065 741 1140 806 de
1168 741 1296 806 aliis
1326 741 1703 825 significavit,
1730 758 1922 824 neque
1950 740 2024 804 de
2053 738 2156 815 iis,
2187 758 2340 822 quos
2370 748 2618 822 propter
2645 759 2825 822 argu-

468 853 739 909 mentum
778 844 982 909 minus
1018 846 1323 929 sapienter
1357 845 1610 911 electum
1646 844 1917 909 Homero
1959 842 2273 927 opposuit,
2302 842 2499 907 Iliadis
2527 861 2744 926 parvae
2769 853 2829 908 et

354 967 364 976 ·
468 947 826 1031 Cypriorum
852 949 1065 1032 poetis.
1133 950 1354 1034 Neque,
1382 951 1543 1035 quod
1574 949 1669 1014 ille
1696 949 1949 1024 reticuit,
1978 947 2212 1013 aliunde
2238 947 2416 1012 nobis
2448 955 2828 1030 compertum

467 1061 590 1129 est,
639 1053 1118 1136 quandoquidem
1170 1055 1504 1119 carminum
1554 1054 1792 1119 illorum
1842 1060 2079 1137 praeter
2128 1050 2489 1135 paucissima
2539 1051 2828 1135 quaedam

468 1156 796 1239 &agmenta
822 1158 971 1222 nihil
999 1169 1290 1242 superest,
1319 1158 1664 1223 Proclianae
1692 1166 1893 1223 autem
1915 1157 2210 1240 epitomae
2235 1176 2362 1221 non
2392 1165 2587 1221 totum
2615 1174 2830 1220 eorum

467 1260 760 1325 ambitum
800 1261 1170 1341 describunt,
1219 1263 1325 1328 sed
1363 1283 1465 1327 eas
1502 1262 1923 1328 tantummodo
1963 1270 2192 1345 partes,
2242 1281 2393 1345 quae
2428 1269 2530 1325 aut
2556 1270 2831 1343 receptae

469 1373 639 1428 erant
665 1364 731 1428 in
759 1365 989 1448 cyclum
1018 1367 1092 1430 ab
1122 1368 1253 1433 eius
1284 1367 1719 1443 collectoribus,
1747 1376 1849 1431 aut
1876 1366 2170 1449 pertinere
2199 1366 2413 1431 Proclo
2444 1367 2519 1430 ad
2551 1364 2829 1431 fabularis

470 1467 759 1532 historiae
790 1468 1001 1534 orbem
1040 1491 1111 1536 ac
1137 1472 1595 1556 perpetuitatem
1627 1470 1992 1535 videbantur.
2084 1469 2319 1547 Quodsi
2355 1469 2831 1554 probabilitatem

470 1571 805 1654 sequimur,
844 1573 918 1637 de
946 1574 1177 1657 Cypriis
1218 1575 1461 1660 quidem
1500 1586 1559 1640 et
1594 1594 1772 1658 parva
1801 1574 1979 1639 Iliade
2004 1610 2092 1623 —
2120 1575 2183 1639 in
2214 1575 2310 1639 his
2341 1576 2502 1639 enim
2541 1591 2706 1638 nunc
2731 1592 2832 1637 me

469 1675 792 1741 continebo
822 1712 909 1725 —
937 1677 1172 1744 difficile
1209 1690 1309 1745 est
1340 1681 1413 1747 ad
1446 1680 1836 1757 credendum,
1873 1679 2112 1744 alterius
2142 1677 2428 1744 carminis
2457 1680 2656 1754 finem,
2686 1678 2830 1742 alte-

468 1781 598 1846 rius
626 1780 861 1844 initium
903 1781 1125 1847 iustum
1165 1804 1235 1849 ac
1273 1785 1538 1850 debitum
1582 1784 1791 1862 ruisse,
1830 1785 2052 1868 quippe
2090 1803 2279 1866 quum
2316 1802 2561 1867 parvam
2590 1782 2831 1847 Iliadem

468 1885 853 1949 continuasse
881 1884 1019 1950 belli
1052 1888 1298 1953 Troiani
1329 1889 1638 1954 historiam
1671 1887 1807 1951 inde
1837 1888 1909 1952 ab
1940 1908 2013 1951 eo
2044 1896 2334 1971 tempore,
2365 1889 2428 1952 in
2457 1907 2577 1971 quo
2602 1885 2831 1950 Arctini

466 1989 777 2072 Aethiopis
820 1989 1099 2069 desierat,
1138 1994 1347 2078 Cypria
1389 2011 1601 2057 causas
1638 2000 1869 2056 tantum
1897 1991 2029 2056 belli
2060 2001 2121 2055 et
2148 1992 2662 2075 praeparationem
2701 1990 2831 2075 pri·

360 2102 427 2155 23
476 2112 695 2177 maqne
724 2102 1019 2177 tempora,
1059 2116 1184 2161 non
1222 2106 1421 2161 autem
1449 2096 1673 2161 exitum
1704 2097 2011 2185 compluta
2050 2115 2184 2161 esse
2222 2104 2475 2161 constet.
2545 2095 2832 2159 Potuisse

470 2208 670 2262 tamen
698 2198 848 2275 fieri,
877 2210 945 2265 ut
977 2202 1063 2265 vel
1093 2202 1182 2266 sic
1207 2211 1418 2284 poetae
1446 2200 1527 2264 illi
1561 2209 1793 2265 totum
1823 2201 2180 2283 quoddam
2211 2201 2530 2276 efficerent,
2557 2199 2701 2265 nolo
2734 2199 2831 2263 in-

466 2308 621 2373 fitias
652 2308 761 2385 ire,
791 2306 1172 2388 admirorque
1203 2323 1570 2388 magnopere
1596 2313 1657 2368 et
1687 2305 2005 2369 exosculor
2044 2304 2535 2369 doctissimorum
2562 2304 2832 2369 virorum

468 2413 721 2496 ingenia,
759 2413 888 2496 qui,
928 2430 1050 2495 quo
1090 2410 1275 2474 modo
1314 2409 1377 2474 id
1415 2408 1545 2473 fieri
1584 2410 1872 2492 potuerit,
1912 2411 2253 2486 ostendere,
2293 2409 2388 2474 alii
2417 2408 2601 2486 aliter,
2634 2406 2833 2472 conati

418 2501 423 2506 ⁸
471 2526 633 2582 sunt.
691 2517 768 2581 Et
797 2517 872 2580 de
899 2514 1127 2599 Cypriis
1158 2514 1433 2589 maxime,
1464 2514 1529 2578 in
1561 2514 1777 2596 quibus
1809 2523 1869 2578 et
1890 2514 2237 2579 Proclianae
2265 2514 2561 2597 epitomae
2590 2513 2832 2577 ubertas

471 2630 532 2685 et
569 2623 1039 2704 fragmentorum
1093 2638 1382 2684 numerus
1434 2619 1636 2700 plures
1689 2625 1974 2701 tanquam
2025 2637 2206 2683 ansas
2255 2620 2330 2683 ad
2376 2618 2832 2702 coniectandum

473 2725 786 2811 praebent,
825 2743 953 2789 non
980 2725 1110 2788 sine
1141 2742 1378 2788 summa
1400 2724 1709 2812 ‚voluptate
1736 2723 2082 2787 huiusmodi
2111 2723 2370 2807 pericula
2398 2722 2833 2803 contemplatus

476 2850 636 2908 sum,
668 2832 976 2912 fateorque
1003 2828 1168 2905 adeo,
1198 2847 1297 2892 me
1325 2828 1526 2911 ipsum
1558 2827 1872 2911 aliquando
1905 2845 2092 2911 paene
2119 2827 2380 2890 illectum
2407 2846 2566 2901 esse,
2595 2835 2664 2888 ut
2691 2825 2832 2908 quid
2896 2820 2908 2831 ⁸

465 2932 867 3003 ,coniectando
898 2934 1153 2998 valerem
1190 2932 1517 3015 experirer:
1558 2930 1802 2996 subibat
1838 2931 1998 2994 enim
2037 2931 2206 3007 illud,
2244 2929 2610 3013 praefiscini,
2641 2923 2833 2993 anch’

473 3040 546 3103 io
585 3059 700 3115 -ς
741 3039 847 3102 sed
887 3038 1160 3102 revocavi
1199 3057 1313 3114 me,
1364 3035 1900 3117 abstinendumque
1951 3035 2150 3117 putavi
2200 3034 2547 3098 huiusmodi
2599 3033 2835 3098 lusibus

471 3143 712 3226 ingenii,
744 3162 899 3225 quos
922 3141 1142 3225 aliquid
1173 3144 1429 3206 fortasse
1451 3141 1677 3206 otiosae
1706 3140 2106 3204 delectationis
2137 3138 2373 3215 habere,
2400 3157 2616 3221 parum
2639 3147 2836 3202 autem

472 3248 769 3332 prodesse
798 3247 1058 3329 viderem
1089 3247 1165 3310 ad
1191 3246 1451 3311 veritatis
1482 3244 1907 3327 cognitionem.
