3102 4866
1415 264 1583 354 οι

249 438 472 543 ³i’uluse
505 477 572 542 in
604 475 771 543 hun'c
805 477 1082 555 modum,
1120 432 1566 562 quempiam-n
1602 479 2149 563 repraesentat„
2191 476 2272 543 Et
2304 474 2470 561 qnod
2502 493 2636 542 uon

290 597 538 648 onmem
573 582 738 648 bunc
772 582 1085 649 cirmitum
1134 581 1432 669 depictum
1469 581 1766 662 videmus,
1813 581 1920 647 sed
1967 589 2197 666 partun
2240 589 2472 648 tautum
2504 580 2639 645 eius
2739 667 2748 674 Ι

287 685 446 750 cnm‘
457 687 596 772 ipso
634 687 735 752 illo
775 687 1067 753 foramine
1101 695 1277 771 atque
1312 685 1561 752 homine
1596 686 1760 752 intus
1799 685 2117 752 collocato.
2150 686 2495 752 necessario
2512 685 2653 751 hoe

288 789 596 875 itaQictor
622 791 897 869 instituit,
928 790 1432 876 quandoquidem,
1454 790 1506 856 si
1534 799 1728 857 totum
1760 790 2072 857 cirmimm
2101 790 2425 874 pinxissem
2436 767 2674 855 homi-³

27 922 66 955 ·,
121 888 175 1007 s
289 900 430 961 nem
459 915 707 962 necesse
736 896 950 961 fuisset
969 895 1262 961 abscondi
1285 914 1404 962 nec
1422 895 1695 980 potuisse
1722 893 2008 979 conspici.
2063 894 2231 960 Fecit
2252 894 2452 987 igitur,
2478 892 2655 979 quod

88 1012 124 1109 J*
205 976 551 1085 {maxime
578 1007 1046 1066 consentaneum
1068 1008 1211 1078 wat,
1241 1008 1311 1065 ut
1333 999 1843 1085 mufiimperfecti
1870 998 2659 1083 speciemrepraesentam·

293 1110 553 1203 euinque
589 1123 660 1168 ex
700 1104 877 1169 altera
915 1112 1086 1190 parte
1120 1103 1531 1183 humiliorem,
1579 1124 1698 1188 quo
1737 1103 1990 1188 propius
2028 1103 2386 1182 draconun,
2409 1113 2501 1169 ’ex
2536 1104 2661 1168 bac·

197 1292 206 1299 „
294 1217 464 1291 parte
499 1206 897 1295 advolantem,
943 1208 1177 1274 bomini
1226 1209 1544 1273 admovere
1579 1216 1807 1294 posset.
1874 1207 2052 1273 Hunc
2088 1215 2284 1273 autem
2325 1206 2664 1272 draconem·

295 1329 374 1376 ne
408 1328 526 1375 nos
564 1310 805 1394 quidem
844 1331 961 1394 pro
997 1331 1122 1378 uno
1161 1331 1370 1377 eorum
1411 1312 1737 1397 accipimus
1751 1359 1768 1388 ,
1809 1312 1912 1396 qui
1940 1312 2006 1377 in
2035 1329 2283 1377 caverna
2309 1309 2665 1395 Trophonii·

295 1433 432 1479 esse
458 1413 834 1494 dicebantur,
873 1435 1026 1499 quos
1067 1416 1306 1500 quidem
1338 1416 1685 1482 Welckerus
1722 1426 1882 1482 recte
1905 1424 2084 1500 negat
2119 1415 2310 1481 alatos
2337 1416 2505 1501 pingi
2531 1433 2648 1500 po·

295 1518 516 1583 tuisse:
558 1518 668 1583 sed
706 1519 855 1584 nibil
894 1519 1125 1595 obstat,
1171 1519 1495 1604 quominus
1532 1520 2122 1603 Agatbodaemonem
2162 1519 2487 1602 significari
2514 1539 2649 1585 cre-

298 1623 544 1700 damus,
581 1621 644 1686 in
685 1623 855 1688 cuius
893 1622 1066 1700 aede,
1104 1622 1208 1708 qui
1246 1623 1551 1691 oraculum
1593 1623 2011 1702 consulebant,
2049 1622 2410 1708 aliquamdiu
2445 1641 2653 1688 mora·

297 1726 536 1791 bantur.
621 1726 681 1790 Is
710 1726 892 1810 igitur
925 1745 1092 1792 nunc
1118 1726 1288 1793 adest
1314 1727 1696 1793 descendenti
1726 1728 2055 1813 propitius,
2105 1727 2353 1812 opinor,
2384 1735 2446 1793 et
2472 1745 2652 1811 opem

297 1830 545 1896 laturus.
630 1829 916 1896 Proxime
954 1830 1545 1915 Agathodaemonem
1582 1831 1661 1896 ad
1698 1831 1963 1897 dextram
2006 1831 2300 1897 caduceus
2327 1839 2452 1908 est,
2487 1847 2653 1895 mer·

301 1934 521 2000 curiale
547 1935 821 2017 signum,
853 1954 974 2019 quo
1012 1935 1160 2000 nibil
1194 1934 1351 2000 aliud
1384 1955 1420 2000 a
1445 1934 1677 2019 pictore
1713 1936 2113 2017 significatum
2150 1934 2433 2011 conficio,
2475 1953 2655 2018 quam

304 2038 753 2122 Trophonium,
792 2039 1015 2105 oraculi
1042 2038 1375 2105 dominum.
1445 2039 1684 2123 Quippe
1712 2040 1955 2104 bierunt
1992 2040 2096 2123 qui
2130 2039 2334 2123 ipsum
2369 2037 2652 2121 Tropho-

303 2143 476 2208 nium
512 2161 628 2226 pro
657 2143 951 2209 Mercurio
982 2144 1282 2221 haberent,
1309 2161 1432 2208 uno
1466 2142 1542 2206 de
1571 2143 1849 2227 quinque,
1875 2141 1941 2207 in
1970 2161 2127 2226 quos
2157 2142 2336 2208 huius
2363 2160 2592 2207 numen
2620 2159 2657 2206 a

303 2246 868 2330 philosophantibus
935 2247 1295 2331 mythologie
1352 2246 1731 2330 dispertitum
1791 2258 1903 2311 est.
1963 2249 2052 2295 .;.
2109 2247 2378 2330 Denique
2430 2246 2655 2310 litteras

302 2349 555 2427 ΑΓΛ,
593 2350 790 2436 paullo
829 2350 1068 2436 longius
1107 2349 1181 2416 ad
1220 2350 1487 2416 dextram
1525 2350 1756 2435 positas
1795 2337 2066 2435 quilibet,
2096 2350 2344 2435 opinor,
2374 2349 2556 2415 malet
2578 2348 2657 2413 de

305 2454 624 2537 Agamedis
651 2454 898 2520 nomine
924 2455 1320 2540 interpretari,
1347 2473 1526 2538 quam
1561 2475 1697 2520 cum
1728 2455 2057 2532 Welckero,
2085 2456 2161 2521 de
2186 2454 2550 2533 Palamedis,
2587 2464 2660 2519 ut

305 2558 499 2642 prima
547 2559 738 2623 littera
774 2560 855 2623 Π
887 2559 1100 2637 deleta,
1142 2559 1226 2624 ,Α
1261 2567 1461 2624 autem
1510 2578 1648 2623 cum
1689 2558 1754 2623 Γ
1783 2568 2116 2643 permutata
2161 2579 2296 2625 esse
2346 2566 2657 2636 statuatur,

307 2681 492 2746 quum
522 2663 873 2747 praesertim
895 2662 1027 2745 ipse
1055 2662 1397 2728 Welckerus
1427 2663 1571 2728 huic
1599 2682 1667 2729 se
1694 2664 2067 2731 coniecturae
2103 2683 2228 2730 non
2267 2662 2520 2728 multum
2548 2660 2661 2727 tri-

185 2773 192 2780 '
305 2767 490 2833 buere
518 2768 832 2856 professus
863 2765 961 2831 sit.
1050 2767 1215 2843 Quae
1243 2776 1441 2833 autem
1478 2766 1553 2832 ab
1582 2769 1704 2832 hoc
1731 2787 1944 2834 musae
1970 2768 2384 2853 proferuntur,
2414 2766 2659 2850 quomi-

305 2889 423 2935 nus
452 2870 785 2954 Agamedes
815 2870 1133 2958 significari
1156 2871 1446 2949 indatur,
1478 2872 1591 2937 bae
1613 2872 1778 2950 mihi,
1807 2873 1859 2938 si
1890 2874 1978 2937 fas
2008 2883 2104 2938 est
2120 2872 2429 2937 litterator-i
2452 2878 2659 2936 contra

306 2975 763 3058 arcbaeologum
794 2975 870 3040 de
895 2974 1246 3041 huiusmodi
1276 2975 1420 3040 artis
1447 2976 1682 3041 arcanis
1713 2977 1934 3054 dicere,
1969 2976 2178 3042 inanes
2205 2995 2340 3041 esse
2367 2975 2659 3040 videntur.

307 3080 426 3145 Aut
459 3079 664 3163 ipsum
703 3080 1089 3161 Agamedem,
1134 3087 1237 3145 aut
1272 3098 1400 3144 rem
1439 3079 1697 3164 aliquam
1734 3079 1809 3144 ad
1848 3080 2208 3163 Agamedem
2244 3079 2661 3165 pertinentem,

305 3184 466 3249 velut
523 3202 717 3260 aram,
782 3202 910 3248 non
964 3192 1161 3249 autem
1198 3184 1421 3249 litteras
1472 3183 1727 3249 initiales
1787 3184 1952 3268 pingi
2006 3184 2283 3250 debuisse
2333 3183 2661 3250 contendit.

306 3288 516 3372 Ipsum
537 3286 894 3371 Agamedem
924 3306 1033 3353 cur
1059 3288 1317 3354 noluerit
1354 3289 1550 3373 pictor
1586 3288 1856 3372 pingere,
1908 3288 2056 3352 mibi
2094 3289 2239 3354 satis
2277 3289 2661 3354 manifestum

306 3391 569 3457 videtur:
610 3410 774 3456 aram
812 3390 916 3474 qui
957 3392 1248 3475 postulat,
1296 3391 1711 3457 demonstrare
1758 3399 1897 3456 ante
1933 3393 2134 3457 omnia
2173 3392 2431 3471 debebit,
2472 3390 2665 3457 fuisse
2751 3402 2782 3428 ⁶

307 3514 475 3561 aram
501 3494 785 3577 Agamedi
814 3505 1242 3561 consecratam.
1329 3497 1481 3561 Nam
1512 3495 1836 3561 Pausanias
1876 3495 2115 3580 quidem
2151 3496 2295 3562 huic
2321 3496 2395 3562 ab
2423 3496 2524 3574 iis,
2560 3494 2662 3579 qui

308 3601 370 3664 in
401 3617 713 3665 cavernam
743 3598 1084 3665 descensuri
1111 3609 1341 3678 essent,
1370 3600 1612 3666 arietem
1640 3619 1766 3666 non
1795 3600 1870 3665 ad
1898 3620 2087 3679 aram,
2126 3601 2230 3666 sed
2260 3590 2359 3679 εἰς
2399 3593 2668 3687 βόθρον
2758 3672 2770 3684 ,

311 3702 705 3769 σιω-ἰῆοιιιιιιι
732 3722 868 3769 esse
898 3704 1121 3770 scribit.
1180 3704 1267 3770 De
1285 3704 1404 3771 alia
1432 3704 1689 3789 denique
1715 3725 1784 3770 re
1814 3724 2169 3790 quacunque
2198 3705 2275 3771 ad
2303 3703 2664 3788 Agamedem

450 3995 502 4061 5)
537 3992 728 4049 Veram
771 3995 965 4048 oramli
996 3995 1176 4049 faeiem
1209 3994 1364 4049 talem
1387 3993 1576 4061 fuisse,
1610 3994 1809 4064 qudem
1849 3995 2020 4064 pictor
2051 3993 2489 4066 reprenso-nvit,
2520 4007 2668 4047 nono

313 4083 507 4137 endet-
555 4081 686 4136 Nm
707 4081 847 4135 illam
871 4083 949 4135 sic
970 4088 1122 4135 extra
1147 4082 1371 4151 conspici
1394 4097 1495 4135 non
1519 4081 1751 4151 potuisse
1774 4067 2101 4136 manifestum
2124 4088 2223 4134 est.
2259 4080 2395 4136 Usus
2411 4080 2571 4147 igitur
2586 4086 2673 4134 cst

311 4168 554 4223 libertate
576 4169 858 4239 pictoribus
884 4182 1153 4234 concessa,
1177 4175 1238 4221 ut
1260 4183 1389 4238 quae
1412 4168 1714 4222 abscondita
1736 4174 1916 4221 essent
1938 4168 2300 4238 quodammodo
2319 4174 2488 4220 umen
2511 4167 2673 4235 signi·

311 4254 509 4309 ficaret-
582 4253 822 4309 &terum
846 4255 910 4308 de
932 4270 1060 4307 vera
1081 4254 1277 4307 oraculi
1300 4253 1431 4309 faeie
1463 4254 1799 4308 subtilissime
1830 4267 1864 4307 a
1885 4252 2183 4307 wieselero
2216 4254 2526 4323 disputetu-
2559 4261 2668 4309 est:

311 4338 434 4395 Das
460 4341 705 4395 Onkel
731 4341 841 4395 des
866 4339 1290 4410 Trophonio&
1339 4339 1780 4408 &lating-1848.
