3102 4866
1318 313 1445 378 417

198 505 335 567 deut
378 520 621 586 menae
670 501 1098 586 praepositioni
1152 495 1299 576 διά,
1350 502 1783 583 comparationi
1830 512 2036 586 aptum
2075 503 2311 582 situ),
2361 519 2548 585 quum

195 617 406 674 contra
435 624 554 691 pro
592 606 831 690 utrique
865 607 1006 671 usui
1019 654 1034 682 ‚
1086 617 1147 670 et
1184 605 1616 689 comparationi
1644 616 1704 669 et
1731 625 1943 671 causae
1972 607 2061 671 vel
2091 605 2550 691 consequentiae

193 712 561 789 indicandae,
589 711 809 795 pariter
834 711 1352 776 accommodatum
1382 710 1476 774 sit.
1535 710 1658 774 Nec
1685 729 1828 775 saue
1857 712 2078 775 mirum
2106 722 2215 791 est,
2232 713 2296 777 in
2322 712 2548 795 vulgari
2588 726 2619 779 s

193 833 495 891 sermone,
524 834 725 898 quum-
741 808 1164 897 δισυλλάβως
1175 815 1410 898 pr’i'nde
1432 816 1905 898 pronuntiarent,
1937 817 1997 880 id
2019 818 2182 913 quod
2205 825 2266 883 et
2285 816 2550 882 comico-

192 940 333 985 rum
362 928 672 1003 poetarum
704 927 764 983 et
787 918 1045 983 Lucretii
1073 937 1283 983 versus
1313 918 1553 1001 plurimi
1583 920 2019 996 demonstrant,
2045 921 2365 987 obscurato
2385 938 2551 990 ,sono

194 1023 453 1098 vocalis,
504 1022 769 1105 linguam
819 1021 1134 1112 bominum
1187 1031 1570 1105 mentemque
1608 1024 1959 1107 saepissime
1985 1044 2020 1089 a
2052 1044 2192 1101 vero
2222 1023 2552 1099 aberrasse,

193 1146 533 1212 quumque,
575 1126 736 1211 quod
764 1125 940 1209 vulgo
965 1127 1204 1210 pr'inde
1230 1135 1291 1189 et
1318 1126 1434 1209 ipsi
1476 1127 1743 1192 dicerent
1768 1139 1827 1192 et
1854 1130 1928 1193 ab
1959 1129 2087 1193 aliis
2117 1128 2233 1194 dici
2260 1129 2557 1203 audirent,-

196 1243 302 1297 aut
340 1231 675 1297 distinctius
719 1230 1232 1314 pronuntiandum
1263 1239 1367 1294 aut
1392 1229 1604 1293 litteris
1635 1231 2111 1313 consignandum
2140 1241 2281 1307 erat,
2304 1232 2555 1315 pm'ndc

194 1355 310 1420 pro
353 1356 426 1401 eo
467 1335 630 1419 quod
661 1333 955 1398 debebant
983 1334 1240 1418 proinde
1268 1332 1614 1416 arripuisse.
1653 1370 1739 1382 —
1791 1334 1985 1399 Porro
2016 1354 2151 1398 ocre
2181 1336 2244 1399 in
2273 1335 2553 1400 Umbrica

196 1442 452 1507 formula
480 1451 735 1505 nomm
762 1439 1097 1522 siguificare
1127 1437 1272 1503 satis
1302 1456 1336 1501 a
1358 1437 1645 1502 Lassenio
1668 1439 2146 1504 dernonstratum
2167 1447 2263 1503 est
2279 1445 2307 1484 2
2327 1440 2350 1484 ²
2363 1446 2407 1518 ).
2451 1436 2555 1501 Fi·-

194 1551 352 1610 si'um
390 1553 590 1610 autem
634 1551 903 1608 montem
940 1561 974 1606 a
1004 1541 1127 1608 Deo
1157 1540 1314 1605 Fisio
1353 1540 1579 1605 dictum
1618 1551 1679 1606 et
1707 1543 1888 1607 simili
1913 1543 2200 1626 religione
2227 1544 2383 1627 apud
2413 1542 2553 1625 tgu-

194 1649 371 1714 viuos
396 1655 815 1716 consecratum
845 1646 1195 1730 fuissoequa
1219 1645 1575 1728 Capitolium
1604 1647 1766 1730 apud
1787 1647 2119 1723 RomauoS,
2150 1665 2436 1729 perquam
2463 1655 2559 1709 est

196 1751 529 1836 probabile,
581 1752 969 1836 quamobrem
1016 1751 1081 1815 in
1124 1750 1492 1815 solemnibus
1541 1751 1919 1833 publicarum
1965 1771 2213 1835 precum
2265 1751 2556 1827 formulis,

193 1875 383 1940 quum
412 1856 899 1940 pacem-deorum
931 1874 1044 1939 pro
1074 1855 1223 1919 urbe
1250 1865 1310 1920 et
1336 1855 1561 1938 populo
1593 1855 2009 1938 implorarent,
2039 1856 2218 1920 buius
2248 1855 2425 1920 etiam
2453 1874 2555 1920 sa-

194 1961 283 2025 cri
318 1960 549 2025 montis
587 1979 813 2025 nomen
859 1959 1318 2025 commemorari
1346 1975 1471 2023 nou
1503 1977 1648 2024 sane
1681 1959 1905 2024 mirum
1942 1959 2131 2024 videri
2163 1969 2387 2043 potest.
2471 1960 2558 2023 De

193 2077 321 2130 toto
338 2063 577 2131 liovino
604 2073 741 2129 ante
769 2082 949 2147 quam
969 2064 1183 2138 dicam,
1202 2063 1348 2128 aliae
1370 2060 1661 2146 quaedam
1687 2065 1996 2141 formulae,
2017 2065 2080 2127 in
2104 2064 2326 2147 quibus
2347 2065 2558 2128 eadem

194 2168 484 2234 vocabula
503 2168 796 2252 leguntur,
813 2167 1255 2250 pei-censendae
1275 2175 1432 2232 sunt.
1465 2166 1611 2232 Tab.
1636 2166 1753 2244 Vll,
1776 2187 1830 2243 a,
1851 2167 1937 2231 49
1965 2176 2028 2231 et
2049 2167 2187 2231 alibi
2210 2168 2360 2232 baec
2379 2168 2554 2232 rerba

193 2280 373 2336 sunt:
421 2269 611 2335 Tarsa
647 2269 821 2335 Iovia
856 2273 994 2354 futu
1034 2273 1175 2354 sons
1205 2289 1393 2353 φασιν
1425 2290 1572 2354 pase
1610 2282 1715 2335 tua
1748 2270 1926 2355 puple
1964 2282 2122 2336 τοίαν
2147 2271 2450 2346 liovinar,
2497 2281 2558 2335 et

194 2376 394 2461 paullo
426 2383 594 2459 post:
639 2374 811 2458 Serfe
840 2373 1078 2449 Martie,
1111 2373 1377 2439 Prestota
1397 2373 1626 2458 Serfier
1652 2373 1863 2458 Serfer
1881 2373 2155 2450 Μανιῶν,
2175 2373 2383 2441 *Tum
2410 2374 2557 2440 Ser—

192 2482 284 2563 fia
309 2479 518 2564 Serfcr
545 2479 832 2565 Μμνείοτ,
873 2483 1068 2563 futtuo
1097 2482 1304 2563 saner,
1331 2498 1556 2562 pacrer
1584 2499 1728 2563 pase
1756 2490 1956 2544 vestra
1976 2478 2154 2563 puple
2183 2491 2341 2545 totur
2368 2478 2557 2545 liovi-

193 2604 337 2661 παν,
367 2595 478 2650 tote
505 2583 735 2648 liovim
761 2619 878 2658 —,
917 2595 977 2648 et
1004 2584 1106 2658 vt,
1137 2583 1199 2660 b,
1231 2583 1313 2648 23
1344 2594 1403 2649 et
1432 2583 1595 2648 alibi:
1640 2582 1799 2647 Fons
1825 2588 1915 2648 sir
1935 2603 2124 2667 μασιν
2151 2588 2242 2648 dr
2265 2582 2561 2648 ocra-Fiat·

194 2701 309 2753 tote
336 2687 581 2752 Hocine.
627 2688 696 2752 ln
725 2688 821 2752 bis
847 2691 1005 2772 sona,
1038 2686 1205 2752 cuius
1235 2688 1475 2769 pluralis
1504 2690 1684 2771 sotter
1712 2696 1818 2763 est,
1848 2686 1887 2750 i.
1909 2706 1968 2769 q.
2003 2687 2193 2752 bonus
2219 2706 2356 2751 esse
2385 2687 2554 2751 vide-

195 2802 324 2866 tur,
354 2810 571 2876 pacet,
613 2791 781 2856 cuius
812 2791 1053 2874 pluralis
1075 2810 1318 2874 pocrer,
1348 2792 1385 2854 i.
1412 2810 1469 2874 q.
1493 2802 1751 2874 pacatus
1779 2798 1884 2854 aut
1911 2793 2228 2874 propitius.
2312 2790 2554 2874 Reliqua
2614 2836 2621 2844 -

196 2897 341 2961 satis
364 2915 475 2979 per
503 2915 570 2960 se
598 2897 773 2979 plana
801 2904 968 2972 suut,
997 2905 1358 2978 apparetque
1388 2893 1483 2957 bis
1515 2893 1791 2976 precibus
1822 2893 1992 2967 deos,
2024 2911 2281 2975 quorum
2311 2893 2555 2963 nomina

195 3000 585 3084 appellantur,
612 3001 685 3064 de
714 3000 930 3084 quibus
962 3018 1243 3082 quaerere
1272 3000 1390 3062 boc
1417 2997 1553 3063 loco
1582 2996 1742 3069 nihil,
1756 2997 1980 3069 attinet,
2012 2995 2293 3071 invocari,
2325 2995 2556 3061 utboni

231 3254 242 3264 ·
340 3246 425 3311 26)
445 3245 579 3300 ’Nou
613 3247 743 3300 euim
776 3247 1054 3300 verendum
1090 3254 1198 3311 est,
1235 3262 1300 3299 ue
1324 3244 1436 3315 quis
1459 3246 1522 3298 ad
1543 3261 1804 3316 peraeque
1827 3261 1921 3298 uos
1944 3244 2165 3312 ableget,
2191 3244 2241 3296 iu
2267 3261 2365 3313 quo
2390 3247 2558 3299 notio·

202 3349 316 3388 netu
348 3334 580 3387 adverbii
612 3350 775 3402 aeque
808 3334 1114 3403 praepositio
1145 3350 1243 3404 per
1275 3332 1519 3398 intendit,
1553 3340 1614 3385 ut
1645 3334 1694 3385 in
1727 3332 1846 3385 aliia
1868 3332 2044 3385 multia
2067 3332 2379 3401 compositis.
2425 3331 2555 3386 Nam

194 3420 330 3489 inde,
352 3419 604 3490 particula
628 3419 1008 3489 pronominalis,
1032 3421 1102 3473 ita
1129 3419 1321 3472 intendi
1346 3434 1445 3472 uou
1465 3426 1651 3489 potest,
1677 3421 1860 3489 quippe
1877 3435 2007 3489 quae
2025 3420 2281 3489 proprian
2299 3419 2555 3472 notionem

198 3508 389 3560 nullam
412 3508 619 3576 babeat,
654 3509 749 3560 sed
780 3508 1264 3560 demonstrationem
1297 3507 1641 3559 tautummodo
1676 3507 1756 3573 rei,
1785 3506 1991 3560 aliunde
2028 3514 2180 3559 uotae
2213 3505 2299 3560 vel
2333 3508 2556 3560 notionis

195 3595 400 3646 aliunde
425 3594 753 3663 repetendae.
1373 3604 1381 3611 ’

338 3680 425 3747 27)
461 3680 521 3733 L.
546 3681 579 3732 l.
610 3698 656 3750 p.
681 3680 810 3741 386.
849 3680 926 3734 Cl'.
954 3680 1252 3735 Grotel'eud.
1273 3680 1341 3734 m
1366 3698 1413 3748 p.
1438 3681 1487 3747 6,
1515 3681 1600 3750 qui
1624 3681 1796 3750 paullo
1814 3687 1981 3733 umen
2007 3681 2220 3733 calidius
2243 3697 2416 3734 wem
2437 3680 2557 3747 Igu-

196 3755 272 3818 uii
299 3780 469 3818 oei-em
493 3764 696 3819 Fi'sium
721 3766 882 3821 luisse
907 3783 973 3821 ex
1001 3785 1062 3821 eo
1089 3768 1360 3834 concludit,
1386 3768 1517 3837 quod
1544 3776 1809 3836 utrumque
1836 3784 2034 3834 nomeu,
2056 3784 2165 3843 ατε
2187 3775 2242 3821 et
2265 3772 2402 3821 ocris
2426 3768 2556 3820 idem

195 3852 406 3920 proprie
431 3852 703 3921 significet,
729 3854 980 3923 uniusque
1006 3855 1184 3923 stirpis
1209 3856 1292 3920 sit,
1317 3855 1428 3907 eius
1466 3854 1692 3921 scilicet,
1718 3855 1862 3907 cuius
1887 3862 1943 3908 et
1967 3854 2217 3908 Graecum
2241 3849 2432 3926 ἇκρός.
2501 3853 2556 3906 1ιί

195 3946 257 3991 ut
279 3939 344 3991 de
370 3941 507 3993 ocris
531 3938 759 4005 equidem
785 3939 1003 3993 libenter
1026 3942 1274 4006 concedo,
1310 3957 1457 4009 quum
1492 3928 1796 4009 pracsertim
1828 3938 1987 4013 ὄκρις
2016 3942 2168 3995 etiam
2195 3939 2559 4004 Graecuuuit,

198 4028 275 4079 ita
306 4041 485 4091 ωορκ
521 4032 687 4079 tamen
720 4027 891 4095 potius
925 4027 990 4079 ab
1022 4027 1248 4081 wenido
1278 4029 1467 4080 dictam
1502 4028 1729 4080 arbitror
1760 4044 1871 4080 cum
1903 4026 2138 4080 Varrone
2169 4026 2233 4080 L.
2255 4026 2319 4080 L.
2345 4025 2411 4094 V,
2441 4027 2558 4095 151,

196 4114 381 4166 Servio
422 4114 486 4167 ad
537 4113 680 4179 Vir-g.
723 4115 852 4166 Aen.
886 4112 925 4178 1,
961 4113 1045 4177 20,
1079 4115 1387 4168 Doederliuo
1421 4114 1545 4183 Syn.
1580 4123 1636 4167 et
1667 4114 1836 4184 Etym.
1874 4112 1940 4166 tv
1981 4131 2030 4183 p.
2056 4113 2175 4166 428.
2198 4113 2379 4182 Neque
2403 4114 2562 4180 igitur

197 4200 485 4254 Umbrieutu
511 4215 692 4252 nomen
717 4200 787 4251 ita
815 4190 925 4252 cuni
947 4199 1129 4252 latino
1153 4203 1401 4270 componi,
1424 4208 1580 4269 atque
1603 4202 1720 4253 binc
1742 4201 1883 4253 illius
1904 4202 2190 4253 sententiae
2207 4208 2560 4266 argumentum

202 4287 305 4356 peti
330 4285 520 4339 debuit.
569 4284 878 4354 Quamquam
912 4295 1127 4355 apparet
1159 4287 1243 4338 vel
1279 4288 1356 4340 sic
1390 4288 1511 4341 nibil
1546 4269 1780 4353 obstare,
1815 4287 2078 4356 quominus
2110 4295 2332 4341 montem
2366 4286 2560 4342 Fisium

197 4373 451 4440 lnguviuis
477 4375 630 4428 etiam
655 4389 749 4443 pro
772 4388 892 4427 arce
918 4372 1079 4427 faisse
1104 4361 1385 4427 credamus.

284 4461 382 4526 ιιι
1464 4530 1473 4534 ,
1539 4437 1544 4442 ’
2066 4464 2150 4530 27
