3102 4866
1403 293 1813 399 —ffl-

423 509 512 556 aa·
531 489 790 556 familiae
823 498 986 554 recte
1021 487 1346 571 regendae,
1382 485 1942 570 nequequidquam
1978 504 2116 551 ease
2159 488 2321 552 inter
2356 478 2789 571 οἰκονομικὸν

423 602 488 659 et
508 589 868 678 βασιλικὸν
894 601 998 658 aut
1023 586 1384 658 πολιτικὸν
1410 588 1799 667 discriminis,
1829 588 1963 654 nisi
1978 589 2143 674 quod
2172 590 2242 655 in
2264 590 2492 655 maiore
2520 592 2789 674 quodam

423 697 742 762 hommum
777 715 862 761 ae·
883 714 1088 761 rerum
1128 695 1276 760 orhe
1313 693 1536 758 horum
1571 711 1751 776 quam
1800 693 1966 767 illius
2006 692 2451 760 administratio
2495 704 2786 761 versem.

424 799 836 882 Vid.Polit.p.
860 800 1083 865 259A.
1103 800 1175 864 Β
1196 800 1475 881 Διιιιρ.
1504 794 1718 863 1386.
1777 769 2330 880 Bmcetiamchg.
2362 797 2791 881 111.p.694c.

424 903 614 988 Cyrus
641 911 987 987 propterea,
1017 902 1179 987 quod
1208 902 1535 968 liberorum
1567 920 1820 967 suorum
1850 901 2281 968 educationem
2291 902 2613 984 neglexerit
2648 921 2789 968 eoa-

298 1046 305 1054 ·
423 1006 1284 1092 quemulierihuspermisefit,
1316 1009 1957 1089 oeconoeuienparum
1984 1024 2231 1072 curasse
2260 1005 2497 1082 dicitur,
2527 996 2790 1072 οἰκονο-

421 1131 560 1198 μιᾳ
583 1100 778 1175 οόδὶν
800 1106 918 1178 τὸν
936 1108 1091 1177 νοῦν
1107 1103 1671 1198 προσεσχηκέναι.
1699 1129 1773 1174 ex
1801 1128 1922 1194 quo
1952 1118 2221 1193 apparet,
2245 1109 2483 1175 Platoni
2510 1128 2641 1175 non
2666 1110 2789 1176 mi·

424 1213 2648 1299 nusquamAristoteliadoeconomiampertinei-evisumeaeeidomne
2684 1231 2793 1296 ge-

424 1337 544 1384 nus
582 1314 949 1396 officiorum,
997 1318 1162 1402 quod
1197 1320 1272 1384 ah
1309 1319 1429 1383 hoc
1463 1318 2030 1403 τωοποιητικῆς
2065 1335 2123 1381 s.
2157 1319 2496 1405 πατρικῆς
2541 1316 2796 1383 nomine

429 1421 982 1506 comprehenditur,
1009 1421 1187 1486 Polit.
1222 1423 1280 1499 1,
1312 1420 1353 1485 2
1382 1439 1443 1504 p.
1478 1421 1539 1497 5,
1569 1419 1747 1484 2591
1774 1438 1828 1485 c.
1857 1421 1898 1484 5
1927 1438 1990 1504 p.
2022 1419 2128 1497 22,
2163 1420 2264 1486 17.
2320 1420 2528 1504 ltaque
2553 1420 2630 1487 de
2656 1440 2794 1486 am-

427 1527 570 1592 bitu.
593 1525 837 1610 quidem
880 1525 1270 1589 oeconomiae
1308 1524 1374 1589 hi
1411 1524 1572 1589 inter
1605 1543 1675 1588 se
1713 1524 2123 1601 consentiunt,
2159 1521 2295 1588 licet
2331 1524 2406 1589 de
2444 1525 2796 1591 disci-haine

428 1630 558 1695 eius
587 1637 648 1694 et
666 1628 939 1713 politicae
961 1646 1088 1692 non
1111 1627 1410 1693 immerito
1434 1626 1747 1692 dissentiat
1764 1647 1799 1692 a
1822 1626 2070 1693 Platone
2089 1626 2455 1693 Aristoteles.
2509 1629 2597 1693 ct.
2618 1648 2794 1714 supr.

429 1752 491 1818 p.
524 1734 586 1798 7.
638 1732 844 1817 Neque
869 1732 1237 1816 posteriores
1267 1751 1337 1795 ex
1368 1732 1680 1796 Academia
1710 1740 1769 1796 et
1786 1731 1983 1816 Lyceo
2013 1731 2433 1816 philosophos,
2462 1733 2517 1798 si
2543 1732 2690 1817 quid
2720 1735 2797 1799 de

430 1836 819 1903 oeconomica
846 1835 1273 1910 disseruerunt,
1315 1834 1464 1899 alios
1505 1836 1854 1919 disciplinae
1888 1837 2180 1902 terminos
2216 1836 2435 1901 recisse
2472 1832 2797 1903 consenta-

430 1960 616 2007 neum
643 1948 762 2018 est·
799 1958 1157 2023 quamquam
1197 1939 1272 2004 dc
1307 1939 1529 2003 horum
1570 1940 1759 2018 nullo,
1791 1949 2208 2025 praeterquam
2244 1941 2321 2006 de
2356 1940 2798 2024 Theophrasto,

432 2045 653 2130 aliquid
688 2045 763 2109 ad
801 2042 1074 2109 notitiam
1112 2053 1386 2107 nostram
1424 2043 1793 2127 perduravit:
1844 2052 1906 2110 et
1939 2045 2305 2110 recentiores
2347 2064 2593 2128 quoque
2640 2047 2797 2123 illos,

435 2142 540 2234 qui
576 2170 648 2215 se
683 2148 1094 2232 Pythagoreos
1132 2146 1341 2212 haberi
1376 2147 1707 2226 voluerunt,
1741 2150 2003 2215 eundem
2042 2149 2467 2215 oeconomicae
2502 2150 2796 2215 ambitum

430 2254 696 2318 tenuisse
722 2252 1055 2335 fragmenta
1082 2271 1117 2316 a
1140 2251 1407 2317 Stohaeo
1421 2252 1512 2317 tit.
1526 2252 1611 2318 85
1642 2262 1879 2318 servata
1893 2254 2329 2318 demonstrant.
2379 2254 2564 2319 Aliter
2590 2262 2792 2319 autem

429 2361 768 2421 statuerunt
794 2372 922 2419 nou
949 2353 1151 2418 solum
1171 2355 1466 2438 Epicurei,
1494 2376 1755 2441 quorum
1787 2358 2144 2423 sententiam
2166 2356 2352 2422 modo
2380 2376 2416 2421 e
2436 2356 2794 2422 Philodemo

428 2460 843 2544 cognovimus,
882 2459 987 2524 sed
1027 2459 1206 2524 etiam
1236 2460 1424 2526 Stoici
1457 2462 1599 2543 (vid.
1629 2461 1869 2527 Stohae.
1896 2462 2097 2546 Eclog.
2127 2462 2203 2540 11,
2225 2463 2266 2527 7
2295 2470 2452 2546 part.
2478 2462 2532 2526 11
2569 2480 2632 2545 p.
2668 2460 2793 2530 188

427 2566 602 2632 Heer-
603 2567 650 2647 ),
678 2564 780 2649 qui
810 2583 995 2648 quum
1027 2565 1476 2631 oeconomicam
1506 2566 1823 2631 definirent
1847 2561 2278 2655 θεωρητικὴν
2304 2561 2472 2658 ἕξιν,
2470 2559 2591 2631 καὶ
2611 2586 2793 2652 πρα-

344 2679 352 2688 “
428 2666 663 2758 κτικήν
680 2671 815 2734 τῶν
834 2660 1005 2754 οικῳ
1038 2662 1524 2755 συμφερόντων,
1562 2658 1748 2736 οἶκον
1766 2678 1969 2736 tamen
1990 2688 2120 2735 non
2139 2670 2254 2735 alio
2276 2688 2465 2735 sensu
2486 2670 2793 2753 accepisse

427 2775 720 2850 videntur,
754 2791 940 2856 quam
965 2790 1088 2855 quo
1117 2790 1153 2835 a
1181 2771 1585 2857 Xenophonte
1618 2775 1926 2859 accipitur,
1963 2783 2032 2840 ut
2067 2773 2149 2839 sit
2183 2775 2225 2839 i.
2255 2793 2316 2858 q.
2345 2769 2607 2860 uviferae:
2646 2792 2791 2839 nam

431 2868 825 2960 οἰκονομίαν
867 2875 1146 2940 dixenmt
1189 2891 1323 2941 esse
1362 2870 1677 2957 διάταξιν
1711 2897 1875 2963 περι
1912 2869 2366 2960 ἀναλωμάτων
2400 2870 2522 2941 καὶ
2564 2868 2793 2962 ἕργῳν,

426 2977 548 3048 καὶ
589 2974 888 3068 κτήσεως
929 2972 1326 3061 ἐπιμέλειαν
1381 2975 1501 3045 καὶ
1541 2977 1677 3045 τῶν
1716 2973 1871 3046 κατ’
1918 2973 2123 3070 α’γρὸν
2178 2971 2636 3067 ἐργαζομένων
2656 2989 2673 3028 ¹
2697 2986 2793 3060 ³):

428 3086 650 3171 quippo
689 3086 860 3164 hunc
889 3101 1079 3149 unum
1109 3094 1444 3167 quaestum,
1483 3084 1587 3167 qui
1626 3105 1698 3150 ex
1735 3085 1861 3169 agri
1902 3085 2130 3152 cultura
2166 3085 2517 3169 percipitur,
2556 3097 2795 3168 praeter
2891 3110 2897 3118 ·

427 3199 662 3256 ceteros
700 3187 1080 3273 probandum
1117 3188 1256 3264 rati,
1301 3188 1812 3271 quemadmodum
1848 3190 1970 3253 fere
2004 3191 2181 3254 etiam
2219 3209 2255 3254 a
2289 3189 2696 3273 Xenophonte
2735 3199 2796 3255 et

426 3294 746 3360 Aristotele
774 3295 996 3358 factum
1026 3302 1135 3357 est.
1202 3294 1280 3357 Et
1307 3294 1463 3358 sicut
1487 3294 1839 3359 Aristoteles
1876 3313 1913 3358 a
1939 3290 2237 3383 ποιητικῇ,
2276 3312 2427 3376 quae
2454 3302 2550 3357 est
2584 3303 2795 3376 quarta

429 3397 818 3471 oeconomiae
838 3380 1002 3481 pars,
1033 3405 1383 3480 constatque
1405 3399 1471 3462 in
1491 3407 1739 3481 quaestu
1759 3397 2035 3463 laudabili
2055 3408 2118 3463 et
2146 3397 2509 3475 necessario,
2538 3397 2796 3480 seiungit

429 3485 644 3568 comm
671 3511 1007 3587 quaestum,
1037 3502 1137 3584 qui
1167 3502 1314 3566 nihil
1343 3501 1462 3568 uisi
1491 3501 1807 3624 pecuniam
1836 3503 2047 3586 quovis
2079 3500 2261 3566 modo
2290 3509 2353 3566 et
2372 3511 2794 3587 supranecoe-

525 3757 672 3831 “m
695 3757 807 3816 Boc
847 3751 963 3816 loco
985 3764 1171 3835 aliquis
1199 3763 1298 3819 uti
1307 3765 1474 3835 possit
1505 3765 1570 3818 ad
1606 3743 1947 3819 excusandum
1968 3746 2275 3819 hodiernum
2308 3781 2443 3819 nomi
2427 3739 2528 3821 uia
2559 3765 2791 3833 ιδιιιιι,

433 3851 585 3924 quun
621 3851 914 3905 oeconomia
946 3852 1150 3906 dicitur
1167 3848 1310 3922 quasi
1345 3852 1555 3922 proprie
1584 3852 1651 3905 de
1682 3853 1762 3905 rei
1793 3852 2029 3906 rusticae
2052 3853 2392 3921 tractatione,
2427 3853 2563 3925 quod
2601 3854 2791 3907 nerito

429 3937 843 3994 nummu-u
875 3946 1055 3992 noster
1083 3939 1338 4010 improbat
1367 3939 1421 3992 ia
1451 3939 1603 3993 libro
1619 3938 1857 4006 egregio,
1891 3937 2353 3993 Konerdt'afleeke
2384 3938 2794 4011 &andepo-dn·-
2866 3932 2890 3952 ⁸

433 4025 693 4092 (Heidelh.
721 4022 873 4077 18³5.
883 4025 932 4091 ),
956 4041 1010 4095 p.
1031 4026 1116 4079 58.
1185 4024 1322 4080 idem
1352 4026 1435 4078 vir
1466 4025 1792 4078 doetisaimus
1824 4032 1906 4090 et,
1931 4026 2068 4095 qnod
2091 4026 2326 4096 equidem
2348 4027 2500 4095 laage
2522 4026 2690 4097 pluria
2715 4024 2795 4080 fa-

430 4116 534 4182 cio,
554 4113 912 4180 integerrimus
937 4128 1048 4166 eam
1073 4129 1222 4184 quam
1245 4112 1393 4167 Plato
1427 4120 1483 4167 et
1514 4112 1832 4166 Aristoteles
1860 4112 2107 4167 dixerunt
2137 4114 2507 4180 oeconomiam,
2533 4114 2581 4165 h.
2604 4127 2653 4165 e.
2678 4113 2797 4166 uai-

432 4215 635 4253 νει-ιιι·
658 4197 1147 4252 administrationem
1172 4200 1516 4267 domesticam,
1539 4199 1604 4251 ab
1628 4201 1740 4266 hac,
1765 4214 1965 4269 quamc
1937 4200 2104 4253 ceteri
2126 4201 2206 4254 dic
2178 4208 2315 4266 cunt,
2340 4200 2417 4253 rei
2442 4198 2602 4252 famili
2604 4200 2714 4252 aris
2739 4207 2797 4254 et

419 4283 530 4342 ,bon
535 4301 680 4339 orum
721 4285 1160 4338 administratione
1199 4285 1334 4354 aptis
1308 4287 1380 4338 ssi
1365 4286 1476 4339 uuis
1521 4286 1703 4338 nomint
1689 4283 1803 4338 ihus
1834 4286 1987 4394 distin
1958 4287 2126 4406 aguit,
2176 4288 2389 4341 alteram
2421 4286 2791 4412 Hmltattmtg

435 4374 719 4498 appellans,
741 4373 958 4427 alteram
984 4372 1195 4429 Wt'rtlu
1196 4373 1358 4441 clim.
