3102 4866
1407 298 1532 363 145

289 451 838 571 ingeniosissimam
867 489 1105 574 quidem
1125 536 1144 569 ‚
1175 488 1282 554 sed
1305 489 1692 555 audaciorem
1720 498 1922 555 tamen
1954 509 2132 574 quam
2164 510 2320 577 opus
2347 499 2475 557 erat
2500 509 2654 557 con·

294 592 579 657 iecturam
610 594 953 678 proposuit.
1040 594 1195 659 Nam
1221 594 1691 677 Agamemnonis
1720 612 1960 678 quoque
1986 596 2358 662 mentionem
2386 595 2516 661 fleri
2543 595 2653 661 de-

153 730 160 736 ·
227 755 231 758 ⁴
290 695 497 762 buisse
526 698 777 776 censuit,
804 717 886 764 ne
913 699 1249 783 Cassandra
1277 717 1446 763 suam
1477 718 1514 763 a
1542 698 1699 782 regis
1741 717 1921 764 causa
1949 698 2289 783 seiungeret
2316 719 2387 764 ac
2413 701 2653 765 tuturos

213 856 216 859 .
289 801 431 867 illos
470 802 699 868 ultores
736 805 865 868 n'on
892 802 1357 885 Agamemnonis
1396 803 1500 867 sed
1546 803 1739 889 ipsius
1778 821 2009 885 poenas
2052 803 2130 870 ab
2166 802 2654 868 intertectoribus

169 989 180 998 .
287 907 651 989 repetituros
681 926 816 973 esse
841 906 1082 971 diceret.
1141 907 1327 990 Igitur
1355 925 1590 971 versum
1632 906 1885 1031 aliquem
1917 905 1992 970 de
2017 906 2465 997 Agamemnone
2491 906 2652 972 exci-

288 1009 454 1075 disse
494 1012 725 1087 statuit,
770 1028 1077 1093 quumque
1119 1012 1278 1093 apud
1317 1010 1676 1095 Hesychium
1717 1001 2035 1089 ασκεύοις
2071 1029 2147 1075 ex
2181 1011 2481 1094 Aeschyli
2492 1011 2652 1095 Aga-

290 1132 613 1195 memnone
652 1113 890 1191 citetur,
936 1113 1097 1197 quod
1134 1113 1492 1179 vocabulum
1532 1115 1597 1180 in
1633 1115 2057 1199 superstitibus
2107 1114 2337 1179 fabulae
2382 1104 2652 1198 partibus

286 1235 589 1300 nusquam
626 1217 874 1299 legitur,
920 1216 981 1280 id
1021 1216 1085 1281 in
1121 1217 1289 1281 bac
1272 1237 1403 1300 ipsa
1443 1217 1811 1283 Cassandrae
1854 1220 2124 1284 oratione
2159 1206 2652 1283 commodissime

287 1321 567 1405 usurpari
606 1321 878 1405 potuisse
916 1330 1117 1397 ratus,
1155 1321 1351 1387 verbis
1390 1322 1619 1405 aliquot
1654 1322 2039 1407 transpositis
2086 1322 2439 1476 integroque
2475 1339 2654 1385 versu

287 1425 492 1552 addito
521 1425 614 1490 si'c
637 1424 840 1491 iocum
869 1424 1136 1491 refinxit:

1314 1542 1490 1639 ἡλίῳ
1522 1546 1591 1617 δ’
1618 1545 1990 1636 ἐπεύχομαι
2082 1546 2093 1563 ’

715 1650 892 1743 πρὸς
917 1646 1202 1721 vocator
1228 1651 1376 1745 φῶς
1401 1653 1807 1739 βασιλέως
1833 1648 2241 1742 τιμαόρους

713 1750 900 1838 ῗσας
948 1752 1187 1838 δίκας
1197 1755 1611 1882 φανέντας
1646 1751 2023 1838 ασκεύοις
2049 1751 2220 1843 ὁμοῦ
2286 1795 2313 1811 ν
2356 1783 2369 1789 ’

715 1856 996 1949 ἐχθροῖς
1024 1860 1306 1954 φονεῦσι
1332 1864 1476 1943 τοῖς
1503 1858 1694 1947 ἐμοῖς
1719 1854 1929 1929 τίνειν
1956 1856 2126 1946 ἔμου
2274 1950 2287 1959 .

719 1959 964 2055 δούλης
989 1961 1333 2056 θανούσης
1360 1958 1685 2056 εὐμαροῦς
1708 1958 2153 2051 χειρώματος.
2417 1976 2427 1985 ’

279 2092 428 2157 Mihi
458 2100 656 2157 autem
684 2092 780 2165 vix
807 2092 1391 2178 videturleschyius
1423 2103 1567 2177 post
1593 2090 2005 2176 possessivum
2034 2085 2229 2174 ἐμοῖς
2258 2091 2460 2155 statim
2489 2093 2648 2155 otio-

282 2215 423 2261 sum
451 2195 615 2260 illum
647 2204 709 2260 et
738 2214 1240 2279 supervacaneum
1272 2199 1609 2281 genitivum,
1626 2189 1793 2279 ἐμοῦ
1830 2195 2141 2260 additurus
2171 2195 2388 2260 tuisse:
2418 2195 2652 2270 deinde,
2734 2224 2738 2228 Δ

280 2318 470 2384 quum
483 2299 642 2364 aliae
667 2299 887 2364 multae
911 2317 1281 2384 magnaeque
1311 2301 1434 2366 sint
1459 2301 1641 2367 huius
1664 2300 1893 2366 fabulae
1920 2299 2184 2378 lacunae,
2209 2298 2651 2384 Hesychianum

281 2404 425 2470 iliud
455 2395 773 2481 ἆσκεύοις
808 2402 975 2469 facile
1012 2405 1210 2488 potuit
1245 2404 1309 2470 in
1349 2406 1464 2471 alia
1502 2405 1780 2491 quapiam
1819 2413 1990 2490 parte
2017 2404 2173 2490 legi:
2204 2403 2464 2489 denique
2491 2405 2650 2496 Aga-

282 2508 628 2574 memnonis
649 2508 771 2573 hoc
795 2508 932 2573 loco
961 2509 1329 2574 mentionem
1353 2510 1750 2576 necessariam
1772 2511 1963 2575 fuisse
1977 2527 2116 2574 ιιοιι
2138 2510 2435 2575 existimo.
2494 2508 2650 2574 Nam

283 2616 359 2679 de
387 2614 508 2679 hoc
535 2612 778 2696 quidem
810 2612 1059 2696 eiusque
1087 2613 1312 2679 ultione
1344 2615 1679 2680 Cassandra
1715 2614 1834 2679 iam
1866 2622 2004 2680 ante
2033 2622 2323 2698 quantum
2354 2614 2503 2679 satis
2535 2613 2650 2678 suit

282 2719 539 2795 ὤκει-εις
577 2734 745 2782 ιιιιιιο
779 2716 856 2781 de
892 2725 1086 2783 semet
1120 2718 1251 2801 ipsa
1292 2718 1546 2803 loquens
1585 2736 1712 2783 non
1748 2718 2132 2803 vituperanda
2171 2726 2292 2795 est,
2329 2718 2382 2781 si
2418 2718 2647 2784 ultores

280 2824 446 2900 illos,
470 2822 622 2888 -licet
657 2822 827 2905 ipsos
868 2821 1109 2906 quidem
1146 2824 1331 2888 unius
1369 2824 1528 2907 regis
1565 2842 1737 2888 mors
1776 2824 1851 2888 ad
1882 2823 2199 2889 vindictam
2239 2829 2519 2888 vocatura
2549 2821 2647 2897 sit,

281 2939 482 2994 tamen
523 2928 721 2992 solum
760 2934 1048 3010 tanquam
1091 2943 1250 2993 suae
1273 2929 1468 2994 caedis
1507 2927 1774 2992 vindices
1812 2938 2127 2993 memorat.
2188 2926 2380 2991 Immo
2419 2926 2652 2990 videtur

282 3032 430 3098 mihi
472 3033 594 3097 hoc
633 3031 988 3115 Aeschyleae
1031 3031 1142 3095 arti
1194 3032 1385 3116 magis
1453 3041 1955 3110 consentaneum,
2010 3031 2233 3115 quippe
2276 3050 2455 3114 quem
2500 3030 2647 3095 alias

281 3154 525 3221 quoque
552 3154 795 3218 semper
832 3135 907 3200 de
936 3152 1052 3200 una
1092 3119 1323 3219 quaque
1349 3156 1418 3201 re
1446 3136 1771 3221 separatim
1805 3123 2003 3201 dicere
2028 3135 2295 3211 videam,
2334 3152 2531 3218 neque
2558 3136 2648 3199 fa-

280 3241 391 3306 cile
416 3240 701 3316 miscere,
740 3257 892 3323 quae
933 3239 1205 3323 quamvis
1246 3259 1459 3324 reapse
1487 3240 1837 3317 coniuncta,
1878 3239 2176 3304 efficacius
2205 3247 2409 3304 tamen
2436 3238 2647 3321 singu·

278 3344 444 3410 latim
482 3344 745 3429 proponi
785 3343 1087 3426 Intelligat.
1173 3343 1378 3428 Itaque
1421 3344 1591 3409 omni
1620 3344 2025 3412 additamento
2062 3343 2483 3409 abstinendum
2512 3361 2651 3406 esse

280 3457 459 3534 puto,
495 3448 845 3532 locumque,
886 3447 1092 3531 paucis
1120 3448 1318 3512 verbis
1344 3449 1555 3515 leniter
1590 3448 1834 3566 mutatis
1878 3467 2119 3532 unoque
2147 3466 2326 3513 versu
2362 3455 2649 3574 transpo-

282 3552 421 3633 sito,
451 3553 540 3618 sic
567 3551 976 3673 sfm‘bendum:
2192 3579 2199 3584 *
2302 3581 2309 3587 ·

1287 3671 1483 3769 ἦλίου
1513 3672 1578 3746 δ’
1609 3639 1985 3764 ἐπεύχομαι
2120 3675 2127 3680 ’

694 3778 872 3870 πρὸς
896 3773 1185 3850 vocator
1210 3780 1376 3872 φῶς,
1406 3779 1566 3863 τούς
1593 3778 1797 3869 ἔμούς
1822 3776 2217 3870 τιμαόρους,
2342 3771 2345 3774 ’
2396 3783 2409 3796 ’

695 3882 939 3975 δούλης
965 3882 1327 3978 θανούσης,
1359 3881 1691 3977 εὗμαροῢς
1712 3882 2132 3978 χειρώματος
2264 3977 2271 3982 ³

694 3985 990 4077 ἓχθροῖς,
1022 3989 1302 4082 φονεῦσι
1327 3994 1473 4073 τοῖς
1501 3987 1693 4077 ἐμοῖς
1718 3985 1927 4058 τίνειν
1956 3984 1996 4057 δ
2001 4013 2056 4075 μ
2066 3986 2131 4057 α’.

282 4123 358 4189 Ει
406 4113 544 4205 ὖμά
580 4140 695 4205 pro
748 4110 921 4203 ὁμοῦ
958 4120 1341 4186 scribendum
1380 4142 1516 4188 esse
1554 4123 1674 4187 iam
1714 4120 2011 4185 Stanleius
2048 4120 2218 4197 vidit,
2271 4118 2429 4203 quod
2471 4104 2649 4183 v'oca-

281 4226 517 4303 bulum,
553 4225 692 4291 licet
728 4225 874 4290 alias
913 4225 1071 4307 apud
1112 4226 1319 4308 epicos
1357 4235 1591 4291 tantum
1631 4224 1880 4298 lectum,
1920 4223 2182 4289 alienum
2218 4232 2421 4303 tamen
2450 4242 2486 4286 a
2523 4230 2649 4287 tra·

281 4330 554 4414 gicorum
582 4349 865 4395 sermone
886 4347 1067 4393 nemo
1099 4329 1274 4406 dicet,
1304 4329 1654 4414 praesertim
1685 4326 1976 4412 Aeschyli,
2008 4327 2111 4413 qui
2133 4327 2310 4391 etiam
2332 4326 2443 4391 alia
2466 4315 2648 4422 quae-
