3102 4866
1314 0 3102 39 Ἣ

1378 287 1502 354 471

262 477 579 542 tinaciores
610 476 747 543 fleri
773 485 835 541 et
861 474 1213 541 exacerbari.
1301 475 1472 542 Hanc
1496 478 1680 561 igitur
1704 479 1999 544 rationem
2028 487 2089 543 et
2114 478 2245 562 ipse
2272 485 2622 544 constanter

261 581 453 645 tenuit
477 589 540 646 et
565 601 600 647 a
629 582 758 647 suis
787 580 975 645 teneri
1002 580 1340 664 postulavit.
1427 581 1636 664 ltaque
1662 601 1973 666 nunquam
2000 582 2076 648 iis
2102 582 2466 661 intercessit,
2515 581 2620 666 qui

261 686 524 751 vinitatis
555 704 794 751 causam
824 683 1082 768 placide,
1115 692 1183 747 ut
1210 683 1482 758 decebat,
1522 693 1586 750 et
1613 684 1745 750 sine
1773 685 2037 751 tumultu
2067 706 2139 752 ac
2164 686 2459 752 seditione
2484 693 2619 751 tue-

259 797 497 856 rentur:
529 788 942 855 ‚Stoientinum
959 836 976 864 ,
1027 806 1218 853 unum
1246 807 1320 853 ex
1350 789 1739 868 consiliariis,
1788 790 1983 876 palam
2012 789 2256 857 Lutberi
2284 790 2619 855 doctrinam

259 893 623 978 professum.
649 911 778 958 nou
806 893 1041 957 minore
1068 911 1249 976 quam
1279 900 1451 957 antea
1478 894 1683 958 favore
1706 895 2018 979 amplexus
2047 905 2166 960 est:
2208 896 2414 978 ipsum
2438 894 2620 961 Paul-

257 998 384 1063 lum
412 1017 447 1063 a
473 997 712 1074 Rhoda,
750 996 854 1080 qui
893 995 1125 1079 primus
1165 997 1288 1061 fere
1318 995 1593 1061 omnium
1622 996 1865 1063 Lutheri
1893 1007 2209 1083 praecepta
2237 998 2303 1062 iu
2328 999 2620 1064 Pomera·
2724 1042 2731 1048 -

259 1102 421 1166 niam
463 1101 697 1185 publice
738 1100 1010 1166 docendo
1050 1100 1449 1184 propagabat,
1492 1101 1744 1166 libenter
1783 1101 2092 1186 aliquoties
2119 1102 2342 1167 audivit
2362 1091 2618 1168 concio'-

257 1216 530 1270 nantem:
559 1197 840 1288 'denique
866 1223 1045 1270 suum
1072 1204 1206 1287 ipse
1233 1203 1421 1268 fllium
1448 1203 1802 1269 Bai-nimum
1834 1205 2012 1270 etiam
2038 1205 2469 1289 Wittebergam
2497 1204 2616 1270 mi.-
2744 1194 2751 1197 ’

259 1309 357 1385 sit,
389 1328 509 1394 quo
541 1309 875 1375 accuratius
907 1325 1153 1372 omnem
1181 1325 1311 1371 rem
1340 1315 1751 1391 cognosceret.
1825 1309 1904 1373 At
1929 1328 2074 1373 vero
2103 1327 2291 1393 quum
2320 1309 2621 1389 turbas‚et

258 1413 582 1479 seditiones
626 1412 930 1496 religionis
973 1420 1282 1495 praetextu
1307 1411 1537 1477 moveri
1566 1410 1819 1486 videret,
1864 1430 2052 1497 quum
2081 1413 2237 1496 apud
2270 1413 2619 1479 Sundenses

258 1539 294 1584 a
336 1518 509 1602 plebe
547 1517 846 1583 concitata
887 1536 998 1600 per
1026 1515 1349 1581 ludibrium
1378 1525 1438 1580 et
1466 1516 1889 1603 contumeliam
1916 1516 2050 1600 ipsa
2066 1536 2246 1583 sacra
2274 1514 2618 1602 pollueren-
2658 1529 2728 1586 37

257 1630 386 1697 tur,
427 1622 647 1704 quique
683 1620 911 1685 nollent
938 1639 972 1685 a
1001 1628 1202 1685 vetere
1229 1619 1475 1685 ecclesia
1505 1621 1862 1698 desciscere,
1902 1621 2069 1686 omni
2097 1622 2373 1686 iniuriam
2404 1639 2622 1704 genere

257 1734 633 1790 vexarentur:
677 1725 834 1789 hanc
881 1724 976 1789 ille
1025 1708 1373 1808 pravitatem
1426 1734 1487 1789 et
1522 1724 1880 1808 improbavit
1916 1725 2294 1790 vehementer
2331 1733 2393 1791 et
2418 1743 2622 1791 severe

259 1829 646 1895 coercendam
675 1828 900 1894 statuit.
2112 1834 2125 1889 “.

431 1933 549 1999 Sed
599 1933 793 1998 uoluit
843 1933 1128 1997 nimirum
1167 1932 1363 1997 divina
1396 1932 1772 2017 providentia
1812 1931 2103 2016 placidam
2133 1932 2241 1998 viri
2271 1932 2619 2000 venerabilis

260 2046 626 2125 senectutem
655 2037 853 2102 turbis
881 2036 1015 2101 istis
1045 2055 1116 2101 ac
1142 2036 1537 2101 seditionibus
1569 2035 2037 2120 comprimendis
2065 2037 2346 2103 exerceri.
2394 2037 2618 2104 Ex·-

256 2149 428 2224 ptum
479 2141 635 2207 inter
681 2141 814 2224 ipsa
864 2142 1087 2205 horum
1124 2139 1420 2205 malorum
1457 2139 1624 2205 initia
1664 2137 1844 2219 rebus
1873 2140 2155 2206 humanis
2183 2141 2527 2225 Bogislaum
2552 2141 2619 2207 in
2693 2156 2717 2228 ς
2764 2222 2770 2228 ¹

255 2244 424 2309 beata
455 2244 858 2328 sempiternae
885 2243 1051 2327 pacis
1079 2244 1223 2308 sede
1251 2242 1576 2308 collocavit
1606 2278 1693 2291 --
1992 2288 2003 2300 .
2504 2297 2514 2305 .
2711 2312 2719 2320 ,

369 2380 372 2383 ’
430 2347 703 2423 Habetis,
748 2347 1080 2424 auditores,
1109 2347 1312 2430 magni
1340 2347 1631 2431 principis
1660 2347 2010 2430 imaginem,
2040 2348 2453 2414 adumbratam
2480 2349 2618 2433 qui·

259 2453 398 2517 dem
429 2462 489 2516 et
516 2453 950 2536 imperfectam,
988 2453 1096 2517 sed
1122 2471 1275 2536 quae
1304 2471 1430 2516 non
1460 2452 1657 2534 potuit
1683 2459 1913 2529 tamen,
1945 2453 2091 2537 quin
2117 2454 2354 2544 animos
2382 2463 2617 2532 vestros

256 2566 317 2621 et
352 2575 557 2620 amore
595 2564 657 2621 et
683 2555 1071 2621 admiratione
1098 2556 1479 2621 multifariam
1508 2563 1935 2621 commoneret.
2024 2556 2257 2634 Quodsi
2294 2546 2492 2625 ‘virum
2519 2559 2617 2625 di·

256 2660 432 2744 ligitis
462 2660 710 2735 bonum,
742 2660 966 2725 iustum
995 2679 1066 2725 ac
1092 2661 1280 2743 pium,
1313 2661 1402 2725 sic
1428 2660 1736 2725 habetote:
1780 2661 1891 2725 bas
1912 2659 2180 2739 virtutes,
2209 2681 2396 2745 quum
2423 2664 2489 2729 in
2517 2663 2616 2730 illo

257 2784 530 2830 summae
579 2773 817 2838 essent,
868 2782 995 2828 uon
1045 2772 1246 2827 tamen
1300 2763 1577 2847 proprias
1635 2763 1853 2839 fuisse,
1910 2765 2019 2829 sed
2078 2784 2433 2831 communes
2467 2757 2616 2833 'lere
2757 2811 2764 2822 ·

255 2850 557 2944 omnium,
588 2887 741 2953 quos
774 2869 864 2933 vel
891 2877 1028 2932 ante
1055 2868 1239 2944 illum,
1269 2868 1359 2931 vel
1388 2876 1598 2949 postea
1628 2886 1698 2931 ex
1726 2866 1883 2931 illius
1915 2867 2104 2951 stirpe
2133 2877 2301 2935 ortos
2331 2870 2616 2938 Pomera·

253 2973 351 3037 nia
396 2973 697 3056 principes
740 2971 961 3037 habuit.
1049 2970 1422 3036 Fortitudine
1451 2988 1596 3035 sane
1625 2978 1685 3034 et
1709 2969 1933 3035 robore
1960 2971 2145 3036 animi
2162 3019 2179 3048 ‚
2229 2992 2433 3040 rerum
2461 2975 2617 3041 bene

254 3086 556 3159 gestarum
601 3076 786 3159 gloria
804 3123 821 3151 ,
869 3075 1139 3140 felicitate
1168 3074 1423 3158 denique
1450 3084 1510 3139 et
1538 3074 1758 3158 opibus
1788 3075 1961 3158 pauci
1992 3076 2238 3141 suerunt
2264 3079 2432 3143 omni
2462 3087 2617 3146 tem·

255 3200 407 3265 pore
436 3201 572 3246 cum
602 3180 877 3264 Bogislao
910 3178 1330 3264 comparandi;
1360 3179 1465 3244 sed
1495 3178 1793 3263 probitas,
1824 3177 2071 3256 iustitia,
2107 3179 2296 3262 pietas
2326 3182 2630 3264 gentilicia‘

254 3288 496 3350 fuerunt
521 3294 872 3349 nostrorum
886 3284 1239 3404 principum
1271 3283 1462 3358 bona,
1500 3282 1721 3366 quibus
1751 3282 1899 3347 adeo
1929 3282 2197 3366 plerique
2222 3285 2491 3369 insignes
2519 3288 2615 3352 fu·

254 3397 457 3466 erunt,
504 3397 573 3452 ut
610 3407 790 3453 nemo
819 3406 982 3452 unus
1011 3406 1158 3471 prae
1186 3387 1397 3452 ceteris
1428 3388 1642 3452 harum
1672 3386 1845 3451 laude
1871 3385 2128 3451 excellat,
2198 3388 2402 3472 0lgitur
2429 3409 2617 3474 quum

255 3511 432 3575 opes,
475 3492 793 3576 imperium
824 3503 1136 3576 ceteraque
1162 3493 1436 3556 fortunae
1463 3487 1747 3555 beneficia
1777 3488 1851 3554 ab
1879 3489 2117 3555 illorum
2147 3501 2323 3574 gente
2350 3493 2424 3558 ad
2452 3503 2618 3559 exte-

250 3616 358 3662 ros
384 3596 668 3661 translata
698 3597 838 3673 sint,
868 3597 985 3680 ipsi
1015 3595 1211 3661 autem
1236 3613 1449 3660 omnes
1475 3595 1707 3660 dudum
1736 3612 1770 3658 a
1799 3593 1988 3677 stirpe
2015 3595 2370 3674 interierint,
2398 3598 2612 3663 harum

251 3685 449 3765 tamen
501 3700 785 3765 virtutum
810 3692 988 3782 'grata
1027 3709 1230 3764 manet
1262 3699 1327 3763 in
1349 3698 1839 3764 Pomeranorum
1868 3698 2172 3764 animis-et
2216 3701 2484 3767 manebit
2515 3699 2616 3768 ress
2734 3745 2741 3752 -

251 3793 540 3869 cordatio.
584 3830 594 3839 ·
626 3803 765 3868 Non
794 3804 994 3882 aeneis
1024 3803 1105 3868 illi
1132 3804 1338 3881 titulis,
1367 3822 1493 3868 non
1526 3802 1786 3868 molibus
1815 3822 1850 3867 e
1874 3803 2073 3887 lapide
2100 3806 2464 3871 constructis
2492 3824 2615 3872 no·

249 3925 392 3973 men
421 3925 601 3972 suum
631 3907 892 3989 posteris
920 3908 1237 3973 ambitiose
1264 3908 1792 3984 commenda-unu
1838 3926 2047 3971 verum
2076 3908 2235 3972 nulla
2263 3917 2357 3974 est
2380 3909 2610 3993 patriae
2649 3927 2719 3982 ae

249 4019 495 4080 nostrae
531 4029 702 4093 pars,
741 4011 806 4075 in
846 4031 961 4095 qua
988 4030 1117 4076 non
1145 4013 1333 4077 multa
1362 4012 1671 4096 supersint
1698 4012 1931 4077 virtutis
1961 4031 2173 4077 eorum
2201 4022 2611 4080 mouummts.

248 4116 484 4181 Horum
513 4133 653 4179 vero
684 4115 1037 4179 memoriam
1064 4134 1240 4199 quem
1270 4126 1373 4181 aut
1399 4116 1738 4198 diligentius
1768 4133 2125 4182 conservare
2146 4126 2248 4182 aut
2276 4116 2614 4202 religiosius
2728 4166 2738 4177 .

250 4222 448 4286 colere
476 4217 725 4295 decebit,
755 4238 933 4302 quam
953 4228 1234 4286 -uostram
1265 4221 1424 4285 hanc
1441 4217 1871 4285 Academiam?
1925 4239 2103 4303 quam
2133 4221 2213 4286 illi
2242 4239 2376 4288 uon
2403 4222 2616 4288 condi-

255 4325 470 4389 derunt
497 4323 720 4400 solum,
751 4342 944 4405 neque
967 4325 1113 4389 dum
1143 4332 1496 4408 supererant
1521 4323 1837 4388 liberaliter
1866 4324 2141 4389 foverunt
2167 4344 2239 4389 ac
2264 4325 2434 4391 tutati
2452 4335 2616 4404 sunt,
