3102 4866
1412 289 1499 356 55

285 483 707 568 Aristophanis
730 491 919 549 aetate
945 483 1161 550 lectum
1190 501 1326 546 esse
1349 480 1639 557 dicemus,
1669 500 1848 565 quam
1879 475 2123 563 τάξεις,
2154 471 2410 571 ἀρετὰς,
2441 470 2643 547 ὁπλῖ-

288 607 436 666 σεις
480 577 764 674 ἀνδρῶν,
817 588 978 672 quod
1019 589 1166 652 haec
1193 586 1318 651 sola
1355 585 1570 651 eodem
1609 587 1745 652 loco
1783 587 1858 651 ab
1897 608 1971 652 eo
1999 584 2453 653 memorantur?
2525 586 2643 652 Sed

287 711 366 759 ne
418 694 540 761 hoc
572 692 821 777 quidem
858 713 975 778 pro
1015 700 1178 757 certo
1216 690 1499 755 affirmari
1546 710 1734 773 posse
1771 690 2054 767 arbitror,
2104 691 2179 756 ab
2228 692 2328 756 illo
2370 691 2643 775 exmplo

287 796 597 881 plumbeo,
622 799 781 882 quod
807 797 1127 862 Pausanias
1150 803 1462 869 memorat,
1485 794 1642 859 hanc
1659 795 2100 878 ephemeridem
2121 794 2406 871 abfuisse,
2427 814 2643 878 quem-

288 903 629 968 admodum
665 901 937 968 nonnulli
974 921 1046 966 ex
1083 901 1277 966 verbis
1308 900 1435 995 eius
1474 899 1859 964 coniecerunt
1880 905 1897 944 ¹
1921 902 2011 978 ⁰):
2053 894 2435 983 γέγραπται
2476 890 2544 965 d'
2573 894 2646 965 ἐν

284 1000 474 1094 αὐτῷ
514 1003 602 1072 τὰ
636 997 869 1094 Ἔργα,
916 1006 1141 1071 omissa
1178 1008 1485 1074 mentione
1521 1004 1831 1070 Dierum.
1919 1004 2067 1068 Nam
2110 1005 2308 1088 potuit
2344 1024 2490 1069 sane
2529 1005 2646 1069 bac
2777 1082 2795 1091 ο

284 1112 561 1177 breviore
597 1112 999 1194 designatione
1034 1112 1122 1176 uti
1152 1131 1186 1176 a
1215 1113 1453 1194 potiore
1489 1107 1768 1174 carminis
1806 1116 2006 1190 parte,
2043 1107 2213 1171 cuius
2250 1107 2303 1171 si
2342 1107 2498 1172 hanc
2524 1127 2641 1190 po-

294 1226 602 1293 stremam,
622 1215 695 1279 de
707 1214 933 1290 diebus,
954 1233 1105 1297 quae
1132 1225 1371 1281 constat
1396 1213 1663 1279 versibus
1695 1212 1950 1296 mplius
1981 1212 2302 1294 sexaginta,
2329 1211 2542 1276 abesse
2569 1213 2644 1278 ab

285 1319 386 1383 illo
409 1318 679 1402 exemplo
701 1316 965 1392 vidisset,
997 1316 1274 1393 disertam
1299 1318 1387 1382 rei
1408 1318 1777 1382 mentionem
1807 1334 1931 1381 non
1952 1317 2153 1381 minus
2183 1336 2320 1382 eum
2350 1318 2642 1381 facturum

286 1425 473 1488 fuisse
503 1416 876 1497 crediderim,
908 1439 1086 1513 quam
1116 1422 1409 1503 prooemii
1441 1422 1501 1485 in
1532 1421 1632 1484 illo
1662 1420 1934 1502 exemplo
1973 1439 2100 1484 non
2131 1420 2357 1503 scripti.
2419 1419 2642 1485 Saltem
2775 1406 2780 1410 ’

286 1526 554 1610 dubitare
590 1525 818 1591 licebit:
857 1544 1053 1608 neque
1091 1523 1309 1588 certior
1344 1542 1443 1587 res
1484 1524 1587 1586 fiet
1613 1523 1795 1586 altero
1828 1530 2204 1605 argumento,
2244 1541 2432 1605 quum
2454 1523 2641 1606 ephe-

285 1632 578 1695 meridem
631 1631 788 1695 illam
833 1650 871 1693 a
907 1629 1137 1694 Boeoto
1189 1636 1365 1710 poeta
1414 1634 1735 1711 propterea
1786 1624 2230 1690 abiudicandam
2282 1646 2417 1691 esse
2458 1627 2677 1704 aiunt,‘

288 1735 449 1818 quod
482 1734 696 1816 Apollo
737 1735 800 1798 in
835 1753 903 1798 ea
944 1733 1204 1816 septimo
1244 1732 1338 1796 die
1368 1729 1781 1812 Thargelionis
1822 1738 1999 1795 natus
2039 1751 2176 1795 esse
2213 1731 2469 1796 dicatur:
2497 1751 2640 1797 nam

277 1839 579 1903 Deliorum
599 1838 756 1903 hanc
775 1837 1138 1921 opinionem,
1166 1854 1291 1900 non
1322 1834 1690 1899 Boeotorum
1723 1833 1927 1911 fuisse.
1984 1835 2162 1918 Atqui
2183 1835 2639 1917 Thargelionem

275 1944 431 2009 haec
468 1942 801 2027 ephemeris
840 1960 967 2005 non
996 1940 1293 2015 nominat,
1331 1939 1436 2003 sed
1478 1938 1803 2022 septimum
1842 1939 1999 2003 diem
2031 1939 2404 2023 simpliciter:
2443 1930 2640 2022 ἑβδο-
2699 2020 2706 2025 .

279 2042 533 2135 μαγενῆ
574 2056 772 2110 autem
800 2043 1159 2129 Apollinem,
1188 2044 1250 2108 h.
1283 2063 1335 2108 e.
1367 2044 1627 2128 septimo
1657 2044 1885 2106 mensis
1915 2044 2010 2107 die
2037 2053 2266 2120 natum,
2293 2063 2421 2109 non
2453 2043 2638 2108 modo

279 2151 457 2226 Delii,
488 2150 597 2214 sed
627 2167 840 2215 omnes
870 2147 1076 2212 Graeci
1115 2147 1337 2211 dixisse
1364 2148 1666 2226 videntur,
1707 2147 1975 2231 quamvis
2014 2148 2090 2212 de
2117 2166 2328 2212 mense
2355 2148 2640 2212 dissenti-

276 2263 442 2335 rent,
479 2254 640 2318 velut
676 2253 855 2316 Iones
897 2252 1376 2333 Tbargelionem,
1418 2252 1628 2336 Delphi
1667 2251 1941 2335 Bysium,
1990 2251 2087 2316 alii
2132 2251 2279 2316 alios
2314 2252 2633 2321 nominan-

279 2361 520 2438 tes20).
559 2390 646 2405 -—
686 2356 804 2421 Sed
843 2356 1127 2440 quoniam
1167 2357 1466 2420 mensium
1501 2356 1711 2420 iniecta
1740 2356 1964 2420 mentio
2012 2365 2130 2432 est,
2173 2364 2404 2439 tangam
2436 2356 2637 2421 statim
2715 2382 2722 2388 ⁴

282 2463 526 2528 alterum
563 2462 764 2527 locum
805 2482 839 2526 a
885 2461 1317 2525 recentioribus
1358 2460 1575 2525 criticis
1619 2480 1802 2544 quum
1843 2460 2013 2525 aliam
2069 2462 2149 2526 oh
2188 2480 2456 2539 causam,
2506 2470 2645 2526 tum·

280 2576 530 2652 propter
556 2565 784 2631 mensis
814 2584 1039 2630 nomen
1068 2583 1194 2629 non
1225 2564 1574 2628 Boeoticum
1617 2564 1723 2628 sed
1753 2564 2041 2642 Ionicum,
2072 2566 2541 2643 Lenaeonem,
2570 2567 2634 2632 in
2671 2627 2677 2632 ,

283 2673 686 2754 suspicionem
717 2679 1009 2736 vocatum.
1068 2669 1308 2752 Legitur
1345 2669 1466 2733 hoc
1501 2687 1728 2733 nomen
1766 2670 1993 2734 mensis
2033 2669 2265 2734 hiberni
2294 2671 2355 2734 in
2384 2671 2635 2736 verbosa

278 2774 632 2840 brumalium
670 2775 960 2857 frigorum
999 2772 1426 2855 descriptione,
1467 2791 1646 2855 quam
1684 2774 1856 2837 multi
1887 2774 2265 2838 vehementer
2292 2773 2638 2857 improbant

278 2889 340 2943 et
366 2899 401 2944 a
430 2880 633 2963 reliqui
671 2878 951 2944 carminis
989 2886 1200 2943 tenore
1239 2877 1491 2941 nimium
1527 2886 1813 2960 quantum
1854 2875 2176 2943 abhorrere
2205 2878 2498 2952 iudicant,
2537 2878 2635 2943 alii

280 2990 490 3048 contra
535 2993 639 3049 aut
674 2982 1002 3047 defendunt
1044 2982 1360 3046 autetiam
1414 2980 1672 3045 laudant.
1741 2983 1936 3066 Atque
1984 2983 2046 3046 hi
2084 2983 2321 3065 quidem
2363 2981 2517 3045 illam
2559 2981 2635 3044 de

275 3087 589 3152 Lenaeone
618 3087 1012 3152 offensionem
1046 3095 1147 3150 aut
1174 3086 1267 3149 sic
1293 3094 1622 3163 removent,
1653 3093 1721 3150 ut
1748 3106 1873 3151 non
1904 3088 2123 3151 mirum
2156 3106 2289 3149 esse
2317 3086 2535 3161 dicant,
2565 3085 2635 3163 si,

275 3191 377 3275 qui
400 3190 641 3269 dialecto
672 3200 871 3256 utatur
896 3189 1121 3265 Ionica,
1148 3189 1306 3253 idem
1339 3189 1515 3254 etiam
1545 3190 1776 3253 mensis
1805 3208 2029 3254 nomen
2058 3189 2328 3254 lonicum
2354 3197 2628 3270 usurpet,
2670 3200 2732 3254 13

275 3304 377 3359 aut
420 3302 490 3357 ut
531 3295 957 3377 antiquissimis
992 3292 1366 3375 temporibus
1405 3292 1514 3355 alia
1554 3311 1734 3374 quam
1784 3301 1993 3376 postea
2031 3292 2328 3357 mensium
2380 3292 2632 3356 nomina

276 3398 434 3481 apud
465 3396 723 3462 Boeotos
752 3397 815 3461 in
854 3416 970 3461 usu
1010 3396 1195 3460 fuisse
1232 3403 1496 3471 sumant,
1526 3404 1629 3459 aut
1665 3396 1920 3478 denique
1961 3405 2030 3460 ut
2058 3395 2386 3460 Hesiodum
2423 3396 2629 3460 lonico

274 3501 542 3568 nomine,
572 3511 882 3585 propterea
912 3499 999 3565 uti
1029 3500 1314 3565 maluisse
1342 3508 1619 3577 statuant,
1664 3501 1826 3583 quod
1857 3500 2047 3583 magis
2075 3501 2194 3565 hoc
2223 3519 2401 3583 quam
2431 3500 2629 3564 Boeo-

272 3605 458 3670 ticum
489 3603 649 3689 apud
672 3603 904 3668 ceteros
935 3604 1190 3669 Graecos
1217 3613 1430 3669 notum
1463 3623 1599 3669 esse
1630 3604 1997 3685 videret21).
2083 3604 2213 3687 Ego
2242 3624 2383 3669 vero
2407 3597 2625 3669 nullam

416 3871 502 3937 19)
540 3831 816 3938 Goettling.
840 3872 878 3924 l.
901 3872 939 3924 l.
966 3878 1022 3925 et
1044 3888 1091 3941 p.
1115 3869 1278 3928 nvn,
1320 3870 1397 3924 Cf.
1421 3870 1614 3941 Beyer.
1638 3886 1686 3940 p.
1711 3869 1762 3923 6.

409 3976 499 4043 20)
536 3974 614 4028 De
638 3975 788 4044 Bysio
815 3975 916 4028 vid.
941 3974 1200 4029 Plutarch.
1225 3984 1425 4044 quaest.
1452 3992 1532 4043 gr.
1559 3992 1604 4029 c.
1628 3975 1690 4040 93
1714 3977 2097 4044 respondere-is
2119 3976 2313 4029 mensis
2337 3974 2630 4044 Elaphebo-

272 4064 414 4130 lieni‚
439 4079 542 4115 non
567 4060 894 4128 Thnrgelioni
918 4063 1141 4115 videtur.
1191 4061 1267 4115 cf.
1305 4061 1577 4115 Hermann.
1615 4062 1809 4127 griech.
1845 4061 2101 4116 Monatsk.
2124 4080 2172 4132 p.
2199 4062 2285 4128 6⁰,
2308 4068 2366 4113 et
2386 4060 2449 4114 de
2473 4060 2634 4130 Apol·

270 4150 374 4203 line
396 4147 777 4222 ἱβδομαγενεῒ
794 4164 877 4217 qu.
896 4149 985 4201 cit.
1004 4148 1072 4201 id.
1089 4148 1364 4218 Antiquitt.
1386 4164 1517 4202 sacr.
1536 4148 1572 4217 ὅ
1606 4149 1676 4201 44
1698 4156 1804 4201 not.
1821 4151 1875 4201 5.
1899 4156 1955 4202 et
1975 4149 2257 4202 Blomfleld.
2280 4148 2361 4201 nd.
2380 4146 2633 4215 Aeschyl-

272 4235 414 4306 Sept.
440 4243 539 4289 ctr.
562 4234 721 4289 Theb.
745 4235 906 4302 gloss.
932 4251 982 4288 v.
1009 4234 1128 4288 801.

310 4402 314 4406 <
406 4341 496 4407 21)
531 4339 649 4395 Vid.
670 4340 898 4412 Lennep.
921 4347 1186 4394 comment.
1209 4357 1258 4411 p.
1286 4340 1402 4394 113.
1449 4339 1716 4395 voubehr.
1739 4356 1790 4411 p.
1814 4310 1900 4394 69.
