3102 4866
564 1347 1210 1448 commum
1238 1351 1371 1447 m
1404 1349 1532 1477 Ap
1580 1347 2050 1447 momoms
2074 1276 2247 1444 Lm
2272 1345 2395 1442 DE
2419 1342 2625 1441 MT.
2657 1341 2924 1439 meon.

498 1670 532 1724 3
666 1689 669 1692 ·
750 1641 922 1738 Quae
948 1660 1011 1726 in
1040 1659 1239 1744 primo
1268 1659 1421 1724 libro
1450 1658 1756 1725 Ciceronis
1786 1660 1861 1724 de
1888 1668 2100 1725 natura
2131 1659 2383 1723 deorum
2422 1665 2526 1722 sut
2552 1652 2924 1719 emendanda

564 1762 744 1828 nobis
796 1773 899 1828 aut
936 1763 1287 1830 vindicanda
1327 1764 1690 1840 viderentur,
1740 1763 1970 1829 duabus
2027 1759 2439 1845 superioribus
2493 1756 2923 1843 scriptionffius

504 1904 509 1909 ·
566 1866 918 1933 academicis
946 1867 1294 1953 persequuti
1328 1886 1559 1933 sumus.
1646 1867 1802 1944 Iam,
1841 1875 1909 1932 ut
1936 1875 2313 1952 praestemus
2344 1865 2507 1949 quod
2536 1861 2785 1946 polliciti
2814 1880 2925 1925 su·

562 1988 724 2047 mus,
753 1970 828 2035 ad
854 1969 1071 2036 librum
1103 1971 1437 2037 secundum
1460 1970 1910 2056 progredimur,
1940 1970 2003 2036 in
2040 1989 2160 2054 quo
2190 1968 2430 2054 quidun
2469 1966 2772 2050 aliquanto
2802 1965 2923 2028 mi-

562 2089 680 2138 nus
710 2093 927 2158 operae
956 2073 1380 2139 insumendum
1409 2075 1545 2153 erit,
1576 2094 1762 2159 quum
1784 2085 1842 2140 et
1862 2074 2178 2160 pauciores
2201 2072 2523 2139 etleviores
2545 2069 2923 2153 huiusquam
2979 2134 2987 2141 .

561 2178 743 2261 primi
778 2178 912 2242 libri
951 2179 1322 2262 corruptelae
1360 2179 1499 2244 siut.
1530 2214 1619 2228 —
1644 2179 1733 2246 Ac
1769 2179 1972 2244 statim
2011 2178 2253 2262 quidem
2291 2175 2462 2243 initio
2494 2194 2623 2259 esp.
2653 2173 2698 2252 1,
2729 2172 2790 2248 2,
2817 2171 2925 2236 ubi

559 2281 709 2347 haec
736 2291 830 2347 est
854 2282 1144 2351 librorum
1178 2283 1450 2347 omnium
1476 2282 1684 2348 lectio:
1715 2282 1982 2347 Eundem
2002 2283 2267 2367 eqnddem
2285 2279 2527 2346 nauem
2548 2278 2762 2343 audin
2784 2275 2925 2341 Got-

562 2396 718 2464 um,
755 2386 897 2451 dum
934 2405 1054 2470 qua
1102 2384 1433 2471 eloquentia
1481 2385 1675 2471 salsos
1726 2387 1864 2453 deos
1913 2386 2174 2465 malit,
2212 2386 2417 2453 eaden
2443 2401 2620 2449 veros
2644 2382 2925 2448 Muci:

563 2488 913 2556 Heindorflo
954 2510 1067 2575 pro
1105 2489 1349 2556 mallem
1383 2490 1590 2574 utique
1627 2491 1835 2555 malim
1873 2491 2326 2556 rescribendum
2366 2508 2505 2554 esse
2528 2486 2790 2563 videtur,
2821 2496 2925 2552 ut-

561 2603 705 2678 pote
735 2593 798 2658 in
828 2613 925 2671 re,
955 2613 1106 2678 quae
1128 2594 1255 2658 fleri
1284 2603 1458 2678 queat
1496 2603 1560 2659 et
1597 2613 1775 2677 quam
1814 2596 1954 2662 velit
1979 2595 2199 2662 Balbus
2239 2594 2389 2661 fieri.
2477 2591 2659 2676 Atqui
2685 2598 2928 2676 poterat

561 2707 764 2764 tamen
784 2693 1036 2775 Balbus,
1067 2699 1339 2782 quamvis
1362 2707 1423 2762 et
1450 2706 1666 2781 posset
1690 2720 1792 2765 res
1823 2701 1981 2779 fleri,
2023 2710 2085 2766 et
2111 2700 2285 2766 vellet
2309 2700 2443 2783 ipse
2469 2716 2603 2763 eam
2632 2695 2793 2772 fleri,
2822 2696 2925 2759 ni·

554 2802 679 2867 hilo
731 2803 956 2867 minus*
985 2803 1139 2868 hanc
1188 2822 1360 2869 suam
1411 2804 1773 2869 voluntatem
1826 2802 1909 2869 ita
1968 2803 2329 2886 significa-Q
2388 2811 2459 2867 ut
2508 2798 2688 2865 simul
2738 2797 2925 2863 etiam

558 2906 920 2983 ostenderet,
949 2924 1075 2971 nou
1097 2916 1366 2990 perstare
1394 2925 1462 2971 se
1491 2906 1555 2971 in
1584 2927 1674 2984 ea,
1705 2907 1811 2972 sed
1841 2906 2172 2972 concedere
2201 2903 2591 2981 auditoribus,
2621 2921 2777 2986 quos
2808 2903 2923 2967 ali-

555 3020 650 3076 ter
676 3011 820 3076 velle
850 3010 1224 3094 intelligeret:
1254 3010 1315 3074 id
1347 3010 1508 3095 quod
1539 3010 1707 3089 facit,
1739 3029 1925 3096 quum
1955 3009 2255 3094 praeteriti
2293 3006 2674 3075 coniunctim
2705 3006 2922 3072 utiturt

553 3113 814 3192 mallent,
851 3114 1079 3179 scilicet
1112 3117 1170 3178 si
1195 3133 1311 3198 per
1345 3132 1454 3178 vos
1490 3113 1707 3179 limet.
1795 3112 1883 3179 ct.
1923 3112 2116 3179 Hand.
2158 3114 2233 3179 ad
2282 3112 2617 3196 Wopkens.
2658 3128 2720 3193 p.
2763 3109 2920 3174 269.

460 3205 466 3212 ’
553 3254 643 3266 -
671 3213 859 3302 Magis
898 3227 1096 3284 autem
1150 3216 1448 3282 offendere
1487 3217 1747 3302 aliquem
1796 3218 2023 3303 possit,
2067 3218 2230 3303 quod
2272 3216 2477 3282 statim
2515 3213 2920 3298 subiungitur,

556 3324 700 3387 dum
736 3323 1005 3400 inducat,
1043 3321 1377 3405 praesentis
1417 3321 1709 3405 temporis
1749 3321 2186 3388 coniunctims.
2274 3320 2523 3386 Videtur
2560 3317 2724 3383 enim
2756 3318 2923 3383 idem

554 3426 619 3489 in
647 3433 902 3509 utroque
930 3424 1203 3490 membro
1235 3433 1475 3510 tempus
1503 3426 1920 3510 usurpandum
1949 3426 2167 3492 fuisse:
2196 3424 2466 3500 mallum
2499 3419 2641 3487 dem
2668 3422 2921 3486 &duce-

553 3539 673 3604 ret‚
704 3537 804 3594 aut
825 3527 1279 3606 etiamtmalim‚
1312 3530 1454 3594 dum
1481 3532 1745 3598 ὑιάασαε.
1831 3530 1952 3596 Sed
1990 3531 2170 3597 talem
2208 3530 2272 3595 in
2308 3538 2657 3613 temporum
2695 3544 2919 3591 conse-

553 3633 842 3719 quutione
871 3631 1334 3698 concinnitatem
1372 3650 1499 3699 nou
1530 3653 1775 3719 semper
1800 3634 2078 3718 religiose
2119 3633 2425 3700 observari
2459 3630 2553 3697 vel
2580 3630 2682 3696 in·
2710 3650 2918 3694 exem-

550 3738 652 3822 pla
673 3737 988 3803 ostendere
1015 3745 1295 3821 possunt,
1327 3756 1477 3821 quae
1504 3738 1568 3803 in
1597 3738 1985 3804 annotatione
2009 3738 2084 3804 ad
2112 3737 2508 3803 hunclocum
2528 3754 2572 3806 ,a
2591 3733 2774 3799 nobis
2801 3734 2917 3799 ad·

552 3842 775 3927 scripta
804 3848 973 3920 sunt,
1001 3841 1076 3905 de
1103 3840 1277 3906 Finn.
1309 3842 1357 3917 1,
1389 3842 1447 3918 7,
1476 3842 1562 3906 25
1593 3852 1656 3907 et
1686 3842 1927 3908 Tuscul.
1967 3845 2021 3920 1,
2056 3843 2157 3921 15,
2199 3841 2284 3909 6⁰
2323 3840 2390 3908 in
2419 3839 2638 3927 quibus
2668 3838 2910 3922 quidem

550 3965 701 4030 quae
731 3965 910 4012 causa
939 3943 1424 4011 inconcinnitatis
1453 3945 1651 4023 merit,
1681 3955 1972 4012 attentum
1999 3947 2290 4013 lectorem
2311 3949 2515 4031 fugere
2540 3961 2668 4010 non
2689 3950 2908 4028 potest.
2954 3947 2967 3954 ‘

550 4049 775 4115 Nostro
815 4058 1013 4142 autem
1051 4049 1186 4114 loco
1226 4048 1476 4128 Balbus,
1504 4057 1897 4133 posteaquam
1934 4068 2063 4116 non
2102 4059 2372 4135 perstare
2409 4070 2478 4116 se
2514 4050 2581 4114 in
2608 4047 2910 4112 voluntate

549 4173 657 4218 sua
687 4153 1053 4237 significavit,
1082 4152 1224 4217 illud
1253 4161 1469 4231 tamen,
1499 4153 1665 4236 quod
1693 4153 1873 4218 simul
1905 4163 2230 4238 optaverat,
2259 4163 2328 4222 ut
2355 4155 2525 4221 Cotta
2552 4169 2728 4217 veros
2760 4149 2905 4213 deos

432 4265 440 4274 '
548 4255 884 4334 induceret,
915 4257 1183 4340 quamvis
1215 4255 1631 4321 conditionalis
1647 4258 1941 4340 quaedam
1955 4257 2113 4325 inter
2124 4268 2442 4343 utramque
2453 4277 2583 4324 rem
2614 4254 2901 4323 connexio

545 4359 829 4442 particula
861 4362 1022 4438 dum,
1050 4360 1111 4424 h.
1143 4379 1196 4425 e.
1226 4360 1565 4439 dummodo,
1595 4360 1917 4439 indicetur,
1954 4380 2083 4429 non
2123 4384 2279 4449 opus
2309 4362 2567 4430 habebat
2593 4382 2715 4447 per.
2729 4380 2901 4447 prae·
