3102 4866
103 302 114 311 ⁹
215 302 245 327 ‚J—
311 292 316 299 ὁ
359 306 398 319 τ’)

77 320 88 339 Β
227 344 238 355 ι
263 326 272 331 ··
297 342 303 347 ‚

107 358 118 367 ο
363 364 384 383 ‘3
409 350 429 387 ὑ

87 376 98 398 5
191 380 202 391 ⁸
309 388 324 399 ρ
367 378 374 385 ‘

213 408 232 423 ''
391 405 414 429 ὁ.

1381 280 1485 348 ι85

196 437 483 562 ..ὥς
527 474 887 541 mesonma
908 475 1166 541 mediam
1195 473 1493 558 quandam
1522 471 1679 566 viam
1707 471 2052 561 nugi-editur,
2079 483 2151 542 ιιι
2175 484 2404 561 pamm
2432 476 2616 543 auius

247 580 584 659 mnis,
619 598 812 662 usque
851 579 925 644 ad
964 600 1018 644 v.
1050 578 1207 657 368,
1239 578 1480 643 Oceano
1509 578 1757 655 tribnat,
1784 578 2006 663 reliqua
2036 580 2430 657 Prometheo,
2452 580 2616 646 illius

99 758 110 773 ,
163 754 222 780 ,ἶ
261 704 604 770 aga-monem
636 683 1024 767 interpellanti
1053 694 1114 748 et
1142 682 1529 749 continuanti·
1615 681 1693 746 Et
1717 682 1984 765 priorem
2012 685 2251 769 quidem
2280 691 2513 768 partem
2535 692 2620 750 ,ιιι

57 786 62 789 “
111 854 121 861 ,
155 852 164 859 ,
205 858 211 864 ,
247 789 501 855 ‚Oceano
524 788 773 865 tribuat,
818 786 1073 869 Reisigii‘
1099 806 1167 852 se
1208 785 1541 852 rationibus
1569 787 1906 869 permoveri
1945 786 2114 865 dicit,
2144 788 2365 872 quihus
2401 807 2555 872 qnae
2580 809 2617 853 a

248 881 363 958 me
414 892 695 977 opposita
747 900 889 955 sunt
931 909 992 973 p.
1038 891 1189 968 295,
1230 892 1304 968 6,
1355 889 1500 955 nolo
1538 906 1704 973 nunc
1741 899 2042 975 repeteret
2091 892 2380 976 reliqum
2414 901 2618 964 amun

266 996 602 1061 orationem
617 1044 633 1071 ,
696 993 834 1059 inde
884 1012 918 1057 a
967 993 1163 1058 verbis
1216 986 1415 1061 ἔνθεν
1466 985 1949 1081 ἐκραγήσονταί
1999 1013 2200 1075 ποτε,
2250 996 2616 1063 Prometheo

264 1101 531 1183 assignat
558 1098 788 1163 duabus
819 1096 892 1161 de
922 1097 1150 1162 causis:
1180 1098 1445 1182 primum
1458 1146 1475 1172 ‚
1506 1096 1643 1181 quia
1672 1098 2016 1164 vaticinium
2055 1098 2130 1164 de
2165 1100 2367 1166 tuturo
2397 1101 2620 1167 Aoum

263 1202 540 1286 incendio
579 1202 792 1266 melius
831 1201 973 1285 huic
1010 1221 1194 1285 quam
1231 1202 1395 1266 alteri
1419 1188 1766 1279 conveniat,
1808 1202 2022 1268 deinde
2052 1203 2214 1287 quod
2245 1222 2618 1269 commemo-

261 1309 413 1372 ratio
443 1306 538 1370 illa
568 1306 898 1390 Typhonis,
928 1305 1030 1388 qui
1060 1305 1330 1388 quamvis
1369 1303 1618 1369 fulmine
1653 1305 1808 1370 ictus
1846 1308 2071 1373 saevire
2106 1317 2307 1372 tamen
2343 1325 2471 1373 non
2509 1307 2616 1374 de·
2651 1324 2682 1377 7

266 1396 442 1489 sinat,
455 1409 529 1474 ad
554 1409 869 1475 consilium
895 1408 1116 1474 Oceani
1139 1407 1568 1473 Prometheum
1589 1408 1823 1474 flectere
1836 1410 2127 1494 cupientis
2148 1430 2362 1496 pamm
2376 1431 2624 1478 accom-

262 1516 504 1581 modata
539 1515 637 1579 sit.
724 1513 985 1578 Possum
1026 1512 1299 1597 equidem
1343 1512 1490 1577 haec
1524 1512 1820 1597 accipere,
1869 1516 2154 1599 quoniam
2202 1515 2354 1580 mihi
2384 1534 2626 1600 quoque

260 1620 356 1684 illa
385 1621 590 1697 verba,
617 1617 754 1682 licet
781 1636 906 1683 non
936 1618 1093 1694 sola,
1134 1617 1242 1682 sed
1279 1634 1399 1680 una
1443 1635 1583 1681 cum
1612 1618 1780 1682 omni
1808 1619 2121 1702 superiore
2151 1620 2438 1697 oratione,
2458 1621 2624 1686 Pro·

263 1722 486 1789 methei
517 1741 654 1788 esse
682 1720 982 1786 videntur:
1014 1719 1176 1804 quod
1206 1728 1402 1784 antem
1434 1719 1794 1803 dispescitur
1812 1744 1850 1788 a
1879 1723 2202 1789 Wieselero
2234 1725 2440 1790 *oratio
2470 1725 2626 1790 inter

265 1828 420 1894 duos
451 1826 922 1910 colloquutoree,
960 1831 1022 1888 et
1047 1824 1442 1889 Prometheus
1472 1824 1751 1891 desubito
1782 1827 2023 1893 alterius
2061 1847 2405 1894 sermonem
2430 1828 2625 1894 inter·

263 1933 483 2019 pellare
503 1930 764 2014 fingitur,
793 1929 1143 2012 praesertim
1167 1928 1230 1992 in
1258 1928 1458 1993 medio
1485 1948 1685 2009 versu,
1712 1929 1773 1994 id
1801 1950 1941 1996 vero
1969 1931 2215 2015 probari
2243 1932 2409 1997 nullo
2437 1932 2624 1997 modo

266 2045 488 2121 potest.
577 2035 883 2113 Quantum
914 2032 1074 2097 enim
1108 2051 1143 2095 e
1173 2031 1597 2115 superstitibus
1627 2034 1899 2119 Aeschyli
1934 2034 2147 2100 rabulis
2175 2035 2439 2100 iudicare
2472 2035 2628 2113 lim,

265 2142 551 2206 abhorret
590 2139 711 2204 hoc
744 2138 920 2222 plane
946 2135 1021 2200 ab
1060 2135 1237 2200 huius
1275 2144 1487 2218 poetae
1517 2138 1976 2217 consuetudine,
2013 2139 2117 2222 qni
2152 2157 2465 2223 nunquam
2499 2157 2629 2205 non

267 2244 515 2328 integris
543 2242 825 2308 versibus
865 2257 1260 2325 personarum
1302 2240 1604 2305 orationes
1645 2241 1944 2307 concludit
1972 2251 2033 2307 et
2059 2243 2393 2308 exorditur:
2421 2261 2629 2327 neque

265 2351 455 2416 ullum
485 2356 580 2414 est
607 2344 890 2412 contrarii
919 2345 1156 2427 generis
1186 2343 1559 2438 exemplum,¹
1571 2353 1810 2427 praeter
1835 2364 2025 2411 unum
2055 2347 2400 2471 Promethei
2424 2347 2627 2412 locum

268 2476 321 2520 v.
375 2454 537 2542 982,
587 2452 691 2518 uhi
742 2450 1062 2515 inchoatur
1111 2466 1318 2512 versus
1347 2448 1693 2513 Promethei
1744 2450 2169 2516 exclamatione
2222 2440 2424 2537 ὦμοι,
2474 2470 2629 2517 con-

267 2560 534 2624 tinuatur
562 2565 761 2621 antem
789 2551 1059 2618 Mercurii
1085 2551 1315 2629 verbis,
1353 2545 1516 2617 τόδε
1559 2547 1731 2631 Ζεὺς
1772 2539 2029 2631 τουπος
2071 2545 2194 2619 οὐκ
2237 2547 2627 2621 ἐπίσταται.

268 2664 332 2728 Id
356 2683 467 2728 cur
494 2662 617 2726 hoc
640 2661 778 2724 loco
808 2658 887 2722 ita
917 2655 1241 2738 Aeschylus
1265 2655 1604 2748 instituerit,
1633 2665 1835 2739 potest
1862 2658 2120 2723 fortasse
2145 2659 2300 2723 ratio
2321 2659 2528 2724 haud
2508 2678 2631 2724 tm-

268 2764 595 2850 prohahilis
646 2761 840 2827 afferri
856 2780 873 2824 ε
890 2762 954 2841 ²)
1016 2778 1379 2842 quamquam
1439 2778 1569 2825 non
1614 2760 1963 2844 repugnabo
2015 2761 2323 2845 equidem,
2390 2763 2444 2827 si
2495 2762 2631 2847 quis

272 2880 536 2938 erramm
566 2889 602 2934 a
628 2865 885 2931 librariis
917 2883 1054 2928 esse
1086 2863 1466 2946 suspicetur‚-
1489 2864 1810 2948 locumque
1838 2866 1920 2930 ita
1948 2866 2224 2949 refingat,
2261 2875 2330 2932 nt
2364 2866 2632 2951 primum

205 3036 216 3047 ‚
272 2968 455 3063 ᾥμοι
483 2971 884 3036 Prometheus
914 2966 1198 3032 exclamet
1226 2976 1390 3033 extra
1418 2987 1690 3046 versum,
1741 2988 1815 3033 ac
1852 2969 2132 3053 deinceps
2160 2969 2493 3035 Mercurius
2528 2988 2633 3034 re-

268 3080 458 3163 petita
486 3076 695 3142 eadem
725 3071 1146 3138 exclamatione
1185 3091 1423 3138 versum
1461 3072 1758 3156 integrum
1797 3072 2160 3156 pronuntiet.
2237 3073 2317 3137 Et
2351 3074 2511 3139 hanc
2533 3092 2634 3138 n-

268 3185 501 3249 tionem
527 3173 934 3250 Lachmanno,
964 3175 1094 3239 viro
1123 3175 1697 3258 intelligentissimm,
1711 3176 2011 3260 placuisse
2030 3176 2279 3242 memini
2298 3179 2379 3256 ³).
2410 3176 2635 3242 Verum

271 3295 413 3352 utut
442 3285 518 3348 de
544 3282 830 3347 hocloco
863 3279 1160 3354 statuitur,
1179 3280 1243 3343 in
1271 3279 1525 3344 alterum
1554 3279 1724 3345 illum
1752 3280 1954 3345 locum
1985 3300 2115 3345 rem
2144 3280 2296 3345 adeo
2330 3280 2635 3344 insolitam

261 3398 485 3456 contra
516 3404 729 3452 omnes
753 3382 988 3447 codices
1019 3382 1211 3448 inutili
1241 3385 1585 3449 coniectura
1614 3383 1911 3459 invehere,
1936 3384 2015 3460 id,
2034 3387 2285 3468 opinor,
2315 3383 2536 3449 criticis

612 3509 738 3558 non
768 3492 850 3568 di,
880 3509 1007 3558 non
1036 3489 1334 3566 homines,
1364 3507 1494 3553 non
1523 3505 1879 3553 concessere
1909 3488 2243 3554 columnae.
2348 3531 2371 3578 ·.

387 3595 518 3660 In
549 3596 757 3661 eadem
788 3596 1059 3661 oratione
1085 3613 1348 3659 versum
1357 3591 1485 3658 354

665 3695 955 3788 Τυφῶνα
997 3695 1274 3785 θοῦρον,
1320 3691 1540 3761 πᾶσιν
1585 3684 1666 3775 ὃς
1709 3688 1986 3784 ἀπέστη
2028 3695 2244 3775 θεοῖς,

277 3813 630 3888 corruptum
672 3822 807 3868 esse
846 3804 989 3869 satis
1043 3809 1298 3869 constat.
1384 3800 1748 3866 Wieaelerus
1796 3794 2015 3864 πάλιν
2048 3818 2163 3883 pro
2200 3793 2441 3876 πᾶσιν,
2456 3791 2640 3863 scribi

275 3911 440 3976 iubet
456 3957 473 3986 ‚
514 3907 691 3991 idque
720 3906 928 3971 referri
958 3908 1084 3972 vult
1113 3907 1187 3971 ad
1216 3922 1483 3988 pugnam
1515 3904 1766 3970 Atlantis
1799 3912 2009 3969 contra
2038 3903 2184 3967 deos
2197 3951 2214 3980 ‚
2253 3921 2375 3986 quo
2414 3900 2642 3966 devicto

277 4013 781 4098 ‘typhum-ursus
810 4009 1024 4075 bellum
1055 4010 1130 4074 iis
1161 4009 1440 4074 innuerit.
1530 4007 1653 4072 Sed
1697 4007 1903 4074 dubito
1943 4027 2054 4090 ego
2095 4006 2335 4090 quidem
2386 4021 2643 4085 magno·

413 4242 469 4309 2)
492 4239 571 4295 Εἰ.
596 4240 874 4294 Hermann.
897 4237 1033 4307 cpit.
1057 4237 1222 4290 doctr.
1245 4242 1397 4322 metr.
1427 4250 1478 4305 p.
1506 4233 1629 4288 276.
1746 4273 1751 4277 .

417 4326 471 4395 3)
499 4327 575 4382 Dc
601 4327 747 4380 chor.
773 4330 910 4396 synt.
935 4341 987 4394 p.
1015 4322 1133 4376 124.
