3102 4866
121 450 134 457 -
157 454 168 461 ,
235 444 400 499 ·-'-··->'=..f

1399 328 1526 394 11⁷
1654 404 1661 409 ,

378 517 529 601 olligi
555 518 631 584 ah
658 517 733 584 iis
765 520 1105 605 cupiebam,
1143 520 1246 605 qui
1275 519 1480 585 cadem
1507 519 1736 603 pariter
1760 520 1972 586 imbuti
2001 531 2235 588 esseut:
2274 524 2648 591 enarrandus

283 623 1053 709 autemmihieratpoeta,
1093 625 1365 690 ethnicus
1408 614 2650 708 quidemillfflsedinmulfistamdma-

289 727 542 812 gnisque
565 728 750 796 rehus
767 729 1091 795 nonnimis
1122 738 1281 795 certe
1299 748 1446 795 ⁴cum
1474 729 1590 794 hac
1616 727 1927 812 disciplina
1962 730 2344 813 discordans,
2380 733 2650 817 quamvis

286 850 386 909 ea,
429 850 579 916 quae
606 833 886 912 sentiret,
915 837 1114 899 forma
1143 832 1471 899 admodum
1503 832 1785 898 dissimili
1821 833 2131 918 multoque
2165 837 2373 903 minus
2408 838 2649 904 adrem

281 937 737 1003 accommodata
763 938 1051 1003 induens:
1079 956 1230 1022 quae
1255 938 1584 1003 formarum
1616 936 2009 1022 discrepantia
2029 957 2219 1022 quum
2238 942 2396 1026 apud
2414 943 2651 1027 pleros-

283 1044 407 1124 que'
422 1049 587 1106 recto
615 1061 818 1108 rerum
845 1040 1164 1107 intessectui
1192 1042 1340 1106 adeo
1372 1041 1701 1121 oflhcisset,
1736 1051 1809 1108 ut
1833 1062 1987 1126 quae
2015 1043 2228 1109 formis
2268 1042 2649 1127 dissiderent,

284 1145 467 1210 etiam
495 1164 708 1229 reapse
731 1165 987 1231 prorsus
1017 1145 1252 1211 diversa
1274 1165 1410 1211 esse
1438 1147 1769 1225 aederent,
1796 1135 1937 1212 non'
1953 1166 2101 1213 sane
2128 1148 2459 1215 olfecissem
2488 1153 2650 1235 quod

284 1249 579 1327 volebam,
608 1249 727 1313 nisi
753 1268 882 1314 rem
913 1250 1021 1327 ita,
1057 1260 1127 1316 ut
1153 1250 1401 1334 agnosci
1437 1250 1513 1316 ah
1544 1250 1826 1318 omnihus
1854 1259 2094 1335 posset,
2126 1254 2247 1319 hoc
2283 1261 2378 1318 est
2411 1264 2650 1322 exutam

285 1357 482 1420 forma
510 1353 748 1418 ethnico
779 1363 992 1438 poetae
1021 1353 1285 1439 propria,
1314 1354 1543 1439 aliaque
1571 1356 1647 1421 ad
1673 1364 2028 1423 nostrorum
2057 1358 2374 1423 hominum
2404 1366 2649 1445 captum

281 1459 825 1524 accommodatiore
863 1458 1132 1524 indutam
1174 1459 1656 1543 proposuissem.
1736 1459 1889 1525 Nam
1930 1454 2503 1546 quodHermaunus
2532 1484 2647 1531 me
2700 1510 2705 1515 -

227 1621 254 1653 .·
280 1583 346 1648 p.
383 1563 463 1636 10
493 1562 666 1646 quasi
693 1581 942 1628 evocue
961 1563 1239 1648 Aeschyli
1269 1582 1477 1629 manes
1507 1571 1567 1628 et
1594 1562 1856 1629 violento
1885 1564 2242 1649 baptismate
2270 1567 2645 1660 Christianos

281 1669 480 1733 facere
506 1674 805 1746 autuman
842 1684 971 1732 non
1001 1685 1252 1732 moveor
1288 1667 1544 1747 facetiis,
1582 1668 1690 1733 sed
1719 1678 2069 1753 argumenta
2100 1671 2374 1756 requiro,
2420 1692 2576 1757 qme
2606 1693 2649 1740 a

278 1772 411 1836 viro
438 1771 927 1855 ingeniosissimo
958 1771 1120 1837 nulla
1145 1781 1252 1837 aut
1280 1780 1441 1837 certe
1469 1790 1597 1837 non
1626 1791 1767 1838 vera
1801 1774 2032 1858 prolata
2076 1785 2251 1854 ειιιιις
2286 1794 2466 1859 quem
2508 1778 2664 1862 qui-r
2760 1826 2764 1830 Δ

279 1874 419 1940 dem
450 1875 530 1940 oh
556 1874 669 1940 id
650 1894 871 1958 ipsum,
900 1876 1061 1959 quod
1090 1874 1491 1942 Christianum
1521 1897 1560 1941 a
1587 1883 1688 1942 me
1724 1878 1854 1943 fieri
1883 1880 2241 1964 Aeschylum
2276 1898 2458 1946 suum
2496 1899 2647 1964 que—
2727 1956 2731 1961 ,

280 1977 466 2056 ritur,
504 1998 715 2045 vereor
752 1999 831 2045 ne
867 1980 1040 2046 multi
1077 1979 1553 2046 Christianorum
1591 1982 1764 2060 illud,
1801 1985 1966 2068 quod
2004 1984 2262 2049 maxime
2289 1984 2370 2050 sit
2406 1984 2647 2050 christi·
2768 2002 2775 2009 ·

280 2104 431 2151 anae
458 2084 763 2167 religionis
791 2084 1127 2169 proprium,
1157 2104 1278 2169 quo
1301 2085 1446 2151 eniti
1473 2086 1763 2170 Aeschylo
1785 2106 1913 2153 non
1940 2088 2135 2171 magis
2165 2108 2347 2172 quam
2370 2089 2647 2173 cuiquam

279 2188 357 2254 de
382 2189 684 2255 veteribus
713 2189 1056 2273 contigerit,
1094 2207 1224 2255 non
1252 2190 1397 2256 satis
1430 2191 1737 2274 cognitum
1783 2191 2001 2257 habere
2037 2191 2256 2258 dicant.
2342 2192 2462 2258 Sed
2498 2193 2650 2258 haec

147 2384 150 2385 f
277 2294 589 2379 disputare
617 2313 744 2359 non
772 2313 975 2360 meum
1015 2303 1135 2374 est}
1187 2294 1263 2359 de
1299 2314 1437 2360 meo
1468 2298 1667 2375 autem
1698 2295 2058 2361 Prometheo
2090 2296 2310 2375 soluto,
2343 2298 2644 2383 quemad·

279 2398 534 2465 modum
563 2398 725 2476 olim,
753 2418 943 2484 quum
969 2418 1113 2465 eum
1143 2399 1404 2479 ederem,
1434 2399 1515 2466 ita
1542 2401 1722 2467 etiam
1748 2417 1915 2467 nunc
1942 2401 2253 2485 profiteor,
2284 2403 2544 2471 formam
2580 2405 2645 2472 ei

267 2514 343 2569 ‘et
371 2506 633 2569 colorem
656 2504 1021 2589 antiquitatis
1050 2505 1436 2590 hahitumque
1464 2505 1855 2590 Aeschyleum
1887 2505 2118 2584 deesse,
2148 2516 2208 2572 et
2232 2508 2645 2592 compluribus

282 2628 424 2674 eum
452 2608 609 2674 vitiis
638 2609 926 2684 laborare,
958 2629 1113 2695 quae
1132 2609 1359 2694 peritos
1387 2628 1515 2674 non
1545 2610 1800 2693 fugient,
1841 2629 1877 2674 a
1905 2628 2005 2673 me
2031 2618 2231 2675 autem
2269 2620 2340 2676 ut
2372 2621 2645 2679 comme-

277 2721 598 2779 morentur
634 2712 781 2777 nihil
819 2733 979 2797 opus
1015 2724 1128 2779 est.
1209 2714 1300 2778 Ad
1340 2714 1460 2779 duo
1499 2723 1701 2779 tamen
1740 2713 1816 2779 ah
1855 2714 2196 2779 Hermanno
2235 2716 2386 2781 mihi
2416 2716 2648 2784 obiecta
2785 2793 2805 2811 ·

281 2816 490 2902 paucis
519 2818 887 2901 respondere
913 2819 1127 2902 placet.
1214 2818 1517 2896 Primum,
1546 2819 1711 2904 quod
1741 2827 1919 2902 negat
1945 2819 2308 2902 tragoediam
2339 2820 2502 2885 hanc
2520 2839 2646 2888 no·

280 2921 500 2987 minari
538 2940 752 3006 posse,
790 2923 930 3006 quia
972 2933 1140 2988 metu
1180 2930 1240 2986 et
1265 2922 1649 2987 miseratione
1677 2932 1900 2999 careat,
1929 2923 2264 2989 iudicarunt
2292 2933 2502 2990 contra
2522 2925 2646 3004 alii,

277 3027 505 3092 horum
540 3025 858 3110 utriusque
891 3034 1128 3092 tantum
1169 3027 1395 3104 inesse,
1437 3035 1731 3110 quantum
1762 3028 1910 3093 satis
1940 3027 2021 3092 sit
2049 3028 2122 3093 ad
2164 3028 2502 3112 tragoediae
2522 3048 2646 3095 no·

279 3150 426 3196 men
477 3129 724 3214 antiquo
770 3149 955 3195 sensu
1001 3131 1314 3196 tuendum.
1401 3131 1558 3196 Nam
1609 3140 1671 3196 et
1718 3132 2105 3197 miseratione
2151 3132 2433 3198 lectorem
2458 3134 2646 3213 affici,

277 3254 471 3319 quum
499 3234 932 3301 Prometheum
971 3235 1166 3300 videat
1192 3254 1514 3301 aerumnas
1556 3255 1697 3301 suas
1736 3245 1797 3302 et
1834 3236 2035 3300 solum
2065 3244 2124 3300 et
2164 3255 2301 3302 cum
2334 3236 2646 3308 Titanibus

283 3347 772 3423 conquerentem,
797 3348 864 3404 et
890 3347 1086 3414 metu,
1117 3339 1272 3404 dum
1313 3340 1610 3404 incertum
1639 3341 1739 3417 sit,
1769 3340 2201 3423 persuaderine
2240 3339 2354 3406 sibi
2391 3341 2648 3408 salubria
2694 3343 2700 3350 ’

277 3442 532 3508 consilia
561 3442 841 3526 patiatur,
871 3461 947 3508 an
973 3442 1260 3526 persistat
1285 3444 1352 3508 in
1377 3444 1701 3527 pertinacia
1728 3443 2023 3509 exitiabili.
2099 3445 2221 3510 Sed
2248 3454 2410 3511 esto:
2451 3446 2647 3514 verius

279 3546 623 3612 iudicaverit
651 3546 1064 3623 Hermannus,
1044 3568 1060 3584 ·
1100 3566 1231 3612 mea
1259 3548 1405 3612 nihil
1436 3548 1708 3626 interest,
1738 3551 1844 3633 qui
1870 3566 2185 3633 nunquam
2224 3550 2650 3633 adspiraret-im

275 3650 357 3715 ad
386 3658 602 3734 poetae
625 3649 832 3733 tragici
858 3650 1113 3728 laudem,
1142 3660 1203 3716 et
1229 3652 1558 3736 optaverim
1596 3652 1746 3736 ipse,
1771 3662 1844 3719 ut
1881 3673 2037 3737 opus
2077 3653 2221 3719 illud
2258 3653 2469 3738 aliquis
2492 3674 2648 3722 sus-

281 3754 510 3839 ciperet
533 3756 768 3838 poetica
796 3753 1068 3820 facultate
1096 3775 1197 3821 me
1224 3757 1415 3840 magis
1445 3756 1698 3876 pollens.
1786 3758 1967 3836 Quod
1998 3765 2194 3823 autem
2217 3776 2405 3842 porro
2432 3760 2649 3848 culpat,

279 3877 501 3924 omnes
529 3877 680 3942 quas
719 3859 999 3924 inducam
1038 3878 1329 3943 personas
1368 3860 1602 3945 spirare
1640 3861 1798 3927 illam
1840 3863 2178 3928 communis
2218 3862 2474 3928 caritatis
2510 3864 2643 3947 ple-
2677 3878 2743 3933 21

136 3953 146 3963 ’
282 3963 752 4041 mmyirtutom,
781 3981 964 4046 quam
988 3964 1306 4030 christiana
1329 3964 1613 4030 doctrina
1631 3965 1979 4050 praecipiat,
2008 3966 2213 4032 nescio
2237 3986 2346 4031 cur
2364 3986 2647 4033 commu

283 4085 423 4131 nem
455 4066 762 4133 caritatem
790 4066 965 4145 dicat,
996 4077 1149 4153 quae
1176 4069 1429 4134 dicenda
1456 4069 1571 4134 fuit
1596 4070 1925 4135 reverentia
1952 4069 2109 4135 Iovis
2127 4119 2145 4148 ,
2174 4088 2303 4136 non
2328 4079 2399 4135 ut
2423 4079 2645 4155 poten-

282 4171 503 4235 tissimi
529 4172 746 4249 solum,
774 4170 882 4235 sed
909 4180 980 4234 ut
1007 4173 1238 4255 optimi,
1279 4173 1340 4238 h.
1372 4194 1425 4238 e.
1453 4181 1524 4237 ut
1549 4173 1834 4258 sapientis
1864 4182 1926 4238 et
1951 4174 2097 4239 iusti
2130 4183 2195 4239 et
2227 4181 2479 4258 paterno
2504 4192 2647 4259 erga

283 4274 561 4340 homines
614 4292 821 4340 amore
869 4276 1151 4358 praediti,
1203 4278 1434 4359 qualem
1473 4277 1674 4343 Iovem
1713 4287 1774 4341 et
1807 4277 1883 4343 ah‘
1920 4278 2211 4363 Aeschylo
2251 4287 2324 4343 -et
2358 4298 2396 4343 a
2434 4281 2646 4364 quovis

283 4378 532 4444 cordato
563 4378 721 4445 illius
750 4378 963 4445 aetatis
991 4379 1230 4444 ethnico
1261 4380 1550 4446 creditum
1580 4401 1746 4461 esse,
1779 4377 1956 4458 satis,
1989 4391 2059 4447 ut
2084 4382 2359 4462 arbitror,
2389 4382 2647 4451 demon·
