<?xml version="1.0" encoding="UTF-8"?>
<!DOCTYPE html PUBLIC "-//W3C//DTD XHTML 1.0 Transitional//EN"
    "http://www.w3.org/TR/xhtml1/DTD/xhtml1-transitional.dtd">
<html xmlns="http://www.w3.org/1999/xhtml" xml:lang="en" lang="en">
 <head>
  <title>
</title>
<meta http-equiv="Content-Type" content="text/html;charset=utf-8" />
  <meta name='ocr-system' content='tesseract 3.04.00' />
  <meta name='ocr-capabilities' content='ocr_page ocr_carea ocr_par ocr_line ocrx_word'/>
</head>
<body>
  <div class='ocr_page' id='page_1' title='image "./opusculaacademi04schgoog_0487.png"; bbox 0 0 3102 4866; ppageno 0'>
   <div class='ocr_carea' id='block_1_1' title="bbox 1353 245 1568 358">
    <p class='ocr_par' dir='ltr' id='par_1_1' title="bbox 1353 245 1568 358">
     <span class='ocr_line' id='line_1_1' title="bbox 1353 245 1568 358; baseline 0 0"><span class='ocrx_word' id='word_1_1' title='bbox 1353 245 1568 358; x_wconf 58' lang='grc' dir='ltr'><strong>«ιη’</strong></span> 
     </span>
    </p>
   </div>
   <div class='ocr_carea' id='block_1_2' title="bbox 1214 381 1620 402">
    <p class='ocr_par' dir='ltr' id='par_1_2' title="bbox 1214 381 1620 402">
     <span class='ocr_line' id='line_1_2' title="bbox 1214 381 1620 402; baseline 0 0"><span class='ocrx_word' id='word_1_2' title='bbox 1214 381 1620 402; x_wconf 95' lang='lat' dir='ltr'><strong> </strong></span> 
     </span>
    </p>
   </div>
   <div class='ocr_carea' id='block_1_3' title="bbox 241 475 2593 666">
    <p class='ocr_par' dir='ltr' id='par_1_3' title="bbox 241 475 2593 666">
     <span class='ocr_line' id='line_1_3' title="bbox 243 475 2593 566; baseline 0 -20"><span class='ocrx_word' id='word_1_3' title='bbox 243 480 386 563; x_wconf 87' lang='lat' dir='ltr'><strong>quio</strong></span> <span class='ocrx_word' id='word_1_4' title='bbox 429 492 491 546; x_wconf 84' lang='lat' dir='ltr'><strong>et</strong></span> <span class='ocrx_word' id='word_1_5' title='bbox 533 482 785 547; x_wconf 78' lang='lat' dir='ltr'><strong>oonsilio</strong></span> <span class='ocrx_word' id='word_1_6' title='bbox 830 482 1087 547; x_wconf 84' lang='lat' dir='ltr'><strong>miseros</strong></span> <span class='ocrx_word' id='word_1_7' title='bbox 1133 475 1583 548; x_wconf 81' lang='lat' dir='ltr'><strong>consolabatur:</strong></span> <span class='ocrx_word' id='word_1_8' title='bbox 1640 482 1987 547; x_wconf 74' lang='lat' dir='ltr'><strong>circumibat</strong></span> <span class='ocrx_word' id='word_1_9' title='bbox 2026 482 2161 566; x_wconf 69' lang='lat' dir='ltr'><strong>ipsa</strong></span> <span class='ocrx_word' id='word_1_10' title='bbox 2196 481 2465 559; x_wconf 31' lang='lat' dir='ltr'><strong>domos:-</strong></span> <span class='ocrx_word' id='word_1_11' title='bbox 2491 501 2593 547; x_wconf 83' lang='lat' dir='ltr'><strong>ae·</strong></span> 
     </span>
     <span class='ocr_line' id='line_1_4' title="bbox 241 584 2592 666; baseline 0.001 -18"><span class='ocrx_word' id='word_1_12' title='bbox 241 585 430 666; x_wconf 86' lang='lat' dir='ltr'><strong>grotis</strong></span> <span class='ocrx_word' id='word_1_13' title='bbox 485 585 838 651; x_wconf 85' lang='lat' dir='ltr'><strong>medicinam</strong></span> <span class='ocrx_word' id='word_1_14' title='bbox 898 606 933 650; x_wconf 88' lang='lat' dir='ltr'><strong>e</strong></span> <span class='ocrx_word' id='word_1_15' title='bbox 989 605 1097 652; x_wconf 88' lang='lat' dir='ltr'><strong>sua</strong></span> <span class='ocrx_word' id='word_1_16' title='bbox 1156 586 1342 651; x_wconf 87' lang='lat' dir='ltr'><strong>domo</strong></span> <span class='ocrx_word' id='word_1_17' title='bbox 1401 586 1917 653; x_wconf 72' lang='lat' dir='ltr'><strong>subministrabat:</strong></span> <span class='ocrx_word' id='word_1_18' title='bbox 1974 587 2241 653; x_wconf 83' lang='lat' dir='ltr'><strong>medicos</strong></span> <span class='ocrx_word' id='word_1_19' title='bbox 2292 584 2592 652; x_wconf 59' lang='lat' dir='ltr'><strong>mittebam</strong></span> 
     </span>
    </p>
   </div>
   <div class='ocr_carea' id='block_1_4' title="bbox 240 687 2657 775">
    <p class='ocr_par' dir='ltr' id='par_1_4' title="bbox 240 687 2657 775">
     <span class='ocr_line' id='line_1_5' title="bbox 240 687 2657 775; baseline 0.001 -22"><span class='ocrx_word' id='word_1_20' title='bbox 240 687 465 753; x_wconf 87' lang='lat' dir='ltr'><strong>liberos</strong></span> <span class='ocrx_word' id='word_1_21' title='bbox 525 690 706 755; x_wconf 88' lang='lat' dir='ltr'><strong>orbos</strong></span> <span class='ocrx_word' id='word_1_22' title='bbox 765 698 870 755; x_wconf 85' lang='lat' dir='ltr'><strong>aut</strong></span> <span class='ocrx_word' id='word_1_23' title='bbox 924 699 1175 775; x_wconf 88' lang='lat' dir='ltr'><strong>propter</strong></span> <span class='ocrx_word' id='word_1_24' title='bbox 1230 699 1549 774; x_wconf 77' lang='lat' dir='ltr'>egestatem</span> <span class='ocrx_word' id='word_1_25' title='bbox 1606 700 1937 775; x_wconf 59' lang='lat' dir='ltr'><strong>parentum,</strong></span> <span class='ocrx_word' id='word_1_26' title='bbox 1968 691 2138 757; x_wconf 84' lang='lat' dir='ltr'><strong>male</strong></span> <span class='ocrx_word' id='word_1_27' title='bbox 2194 689 2592 757; x_wconf 57' lang='lat' dir='ltr'><strong>habitos-nu·</strong></span> <span class='ocrx_word' id='word_1_28' title='bbox 2650 690 2657 699; x_wconf 85' lang='grc'><em>’</em></span> 
     </span>
    </p>
   </div>
   <div class='ocr_carea' id='block_1_5' title="bbox 197 793 2591 880">
    <p class='ocr_par' dir='ltr' id='par_1_5' title="bbox 197 793 2591 880">
     <span class='ocr_line' id='line_1_6' title="bbox 197 793 2591 880; baseline 0.001 -23"><span class='ocrx_word' id='word_1_29' title='bbox 197 804 207 810; x_wconf 88' lang='grc'><strong><em>·</em></strong></span> <span class='ocrx_word' id='word_1_30' title='bbox 240 793 533 870; x_wconf 85' lang='lat' dir='ltr'><strong>triendos,</strong></span> <span class='ocrx_word' id='word_1_31' title='bbox 583 793 952 869; x_wconf 82' lang='lat' dir='ltr'><strong>vestiendos,</strong></span> <span class='ocrx_word' id='word_1_32' title='bbox 999 794 1228 869; x_wconf 79' lang='lat' dir='ltr'><strong>artibus</strong></span> <span class='ocrx_word' id='word_1_33' title='bbox 1270 804 1330 859; x_wconf 84' lang='lat' dir='ltr'><strong>et</strong></span> <span class='ocrx_word' id='word_1_34' title='bbox 1374 795 1627 878; x_wconf 86' lang='lat' dir='ltr'><strong>opificiis</strong></span> <span class='ocrx_word' id='word_1_35' title='bbox 1670 795 2055 861; x_wconf 85' lang='lat' dir='ltr'><strong>instruendos</strong></span> <span class='ocrx_word' id='word_1_36' title='bbox 2099 795 2368 872; x_wconf 83' lang='lat' dir='ltr'><strong>curabat,</strong></span> <span class='ocrx_word' id='word_1_37' title='bbox 2408 813 2591 880; x_wconf 80' lang='lat' dir='ltr'><strong>pror·</strong></span> 
     </span>
    </p>
   </div>
   <div class='ocr_carea' id='block_1_6' title="bbox 238 897 2591 1190">
    <p class='ocr_par' dir='ltr' id='par_1_6' title="bbox 238 897 2591 1190">
     <span class='ocr_line' id='line_1_7' title="bbox 240 897 2591 987; baseline 0.001 -27"><span class='ocrx_word' id='word_1_38' title='bbox 240 915 347 961; x_wconf 87' lang='lat' dir='ltr'><strong>sus</strong></span> <span class='ocrx_word' id='word_1_39' title='bbox 388 904 457 961; x_wconf 88' lang='lat' dir='ltr'><strong>ut</strong></span> <span class='ocrx_word' id='word_1_40' title='bbox 499 914 713 961; x_wconf 87' lang='lat' dir='ltr'><strong>omnes</strong></span> <span class='ocrx_word' id='word_1_41' title='bbox 754 917 885 962; x_wconf 85' lang='lat' dir='ltr'><strong>eam</strong></span> <span class='ocrx_word' id='word_1_42' title='bbox 928 897 1021 963; x_wconf 86' lang='lat' dir='ltr'><strong>vel</strong></span> <span class='ocrx_word' id='word_1_43' title='bbox 1065 906 1358 987; x_wconf 28' lang='lat' dir='ltr'><strong>tanquam·</strong></span> <span class='ocrx_word' id='word_1_44' title='bbox 1390 906 1642 963; x_wconf 87' lang='lat' dir='ltr'><strong>matrem</strong></span> <span class='ocrx_word' id='word_1_45' title='bbox 1687 909 1974 976; x_wconf 85' lang='lat' dir='ltr'><strong>amarent,</strong></span> <span class='ocrx_word' id='word_1_46' title='bbox 2016 898 2108 963; x_wconf 86' lang='lat' dir='ltr'><strong>vel</strong></span> <span class='ocrx_word' id='word_1_47' title='bbox 2148 907 2434 981; x_wconf 82' lang='lat' dir='ltr'><strong>tanquam</strong></span> <span class='ocrx_word' id='word_1_48' title='bbox 2470 915 2591 963; x_wconf 85' lang='lat' dir='ltr'><strong>nu·</strong></span> 
     </span>
     <span class='ocr_line' id='line_1_8' title="bbox 239 996 2589 1093; baseline 0.002 -28"><span class='ocrx_word' id='word_1_49' title='bbox 239 1019 379 1065; x_wconf 87' lang='lat' dir='ltr'><strong>men</strong></span> <span class='ocrx_word' id='word_1_50' title='bbox 421 1001 655 1093; x_wconf 74' lang='lat' dir='ltr'><strong>aliquod</strong></span> <span class='ocrx_word' id='word_1_51' title='bbox 699 1001 943 1067; x_wconf 86' lang='lat' dir='ltr'><strong>tutelare</strong></span> <span class='ocrx_word' id='word_1_52' title='bbox 988 996 1427 1067; x_wconf 75' lang='lat' dir='ltr'><strong>venerarentur.</strong></span> <span class='ocrx_word' id='word_1_53' title='bbox 1500 1001 1707 1084; x_wconf 88' lang='lat' dir='ltr'><strong>Neque</strong></span> <span class='ocrx_word' id='word_1_54' title='bbox 1748 1012 1949 1085; x_wconf 79' lang='lat' dir='ltr'><strong>tamen</strong></span> <span class='ocrx_word' id='word_1_55' title='bbox 1989 1001 2122 1086; x_wconf 82' lang='lat' dir='ltr'><strong>ipsa</strong></span> <span class='ocrx_word' id='word_1_56' title='bbox 2148 998 2413 1086; x_wconf 81' lang='lat' dir='ltr'><strong>unquam</strong></span> <span class='ocrx_word' id='word_1_57' title='bbox 2441 1021 2589 1088; x_wconf 86' lang='lat' dir='ltr'><strong>pro·</strong></span> 
     </span>
     <span class='ocr_line' id='line_1_9' title="bbox 238 1105 2588 1190; baseline 0.001 -21"><span class='ocrx_word' id='word_1_58' title='bbox 238 1114 438 1188; x_wconf 78' lang='lat' dir='ltr'><strong>pterea</strong></span> <span class='ocrx_word' id='word_1_59' title='bbox 481 1114 582 1170; x_wconf 87' lang='lat' dir='ltr'><strong>aut</strong></span> <span class='ocrx_word' id='word_1_60' title='bbox 621 1105 841 1188; x_wconf 64' lang='lat' dir='ltr'><strong>gratim</strong></span> <span class='ocrx_word' id='word_1_61' title='bbox 885 1106 1001 1171; x_wconf 87' lang='lat' dir='ltr'><strong>sibi</strong></span> <span class='ocrx_word' id='word_1_62' title='bbox 1044 1105 1135 1189; x_wconf 87' lang='lat' dir='ltr'><strong>agi</strong></span> <span class='ocrx_word' id='word_1_63' title='bbox 1178 1114 1281 1171; x_wconf 83' lang='lat' dir='ltr'><strong>aut</strong></span> <span class='ocrx_word' id='word_1_64' title='bbox 1319 1105 1554 1170; x_wconf 84' lang='lat' dir='ltr'><strong>laudem</strong></span> <span class='ocrx_word' id='word_1_65' title='bbox 1598 1115 1773 1190; x_wconf 83' lang='lat' dir='ltr'><strong>atque</strong></span> <span class='ocrx_word' id='word_1_66' title='bbox 1813 1106 2110 1171; x_wconf 87' lang='lat' dir='ltr'><strong>bonorem</strong></span> <span class='ocrx_word' id='word_1_67' title='bbox 2151 1107 2331 1177; x_wconf 80' lang='lat' dir='ltr'><strong>tribui</strong></span> <span class='ocrx_word' id='word_1_68' title='bbox 2372 1115 2588 1190; x_wconf 79' lang='lat' dir='ltr'><strong>postu·</strong></span> 
     </span>
    </p>
   </div>
   <div class='ocr_carea' id='block_1_7' title="bbox 233 1162 2793 1293">
    <p class='ocr_par' dir='ltr' id='par_1_7' title="bbox 233 1162 2793 1293">
     <span class='ocr_line' id='line_1_10' title="bbox 233 1162 2793 1293; baseline -0.002 -19"><span class='ocrx_word' id='word_1_69' title='bbox 233 1207 415 1274; x_wconf 85' lang='lat' dir='ltr'><strong>labat:</strong></span> <span class='ocrx_word' id='word_1_70' title='bbox 459 1209 743 1293; x_wconf 87' lang='lat' dir='ltr'><strong>quidquid</strong></span> <span class='ocrx_word' id='word_1_71' title='bbox 788 1210 1024 1286; x_wconf 78' lang='lat' dir='ltr'><strong>Iaceret,</strong></span> <span class='ocrx_word' id='word_1_72' title='bbox 1068 1209 1191 1274; x_wconf 89' lang='lat' dir='ltr'><strong>Deo</strong></span> <span class='ocrx_word' id='word_1_73' title='bbox 1237 1229 1303 1273; x_wconf 91' lang='lat' dir='ltr'><strong>se</strong></span> <span class='ocrx_word' id='word_1_74' title='bbox 1346 1200 1561 1273; x_wconf 86' lang='lat' dir='ltr'><strong>debere</strong></span> <span class='ocrx_word' id='word_1_75' title='bbox 1604 1208 1897 1293; x_wconf 76' lang='lat' dir='ltr'><strong>professa,</strong></span> <span class='ocrx_word' id='word_1_76' title='bbox 1939 1228 2248 1293; x_wconf 85' lang='lat' dir='ltr'><strong>nunquam</strong></span> <span class='ocrx_word' id='word_1_77' title='bbox 2291 1210 2437 1276; x_wconf 83' lang='lat' dir='ltr'><strong>satis</strong></span> <span class='ocrx_word' id='word_1_78' title='bbox 2473 1211 2589 1276; x_wconf 81' lang='lat' dir='ltr'><strong>sibi</strong></span> <span class='ocrx_word' id='word_1_79' title='bbox 2684 1229 2691 1235; x_wconf 90' lang='lat'><strong>·</strong></span> <span class='ocrx_word' id='word_1_80' title='bbox 2786 1162 2793 1169; x_wconf 28' lang='lat'>⁸</span> 
     </span>
    </p>
   </div>
   <div class='ocr_carea' id='block_1_8' title="bbox 231 1312 2588 1501">
    <p class='ocr_par' dir='ltr' id='par_1_8' title="bbox 231 1312 2588 1501">
     <span class='ocr_line' id='line_1_11' title="bbox 235 1312 2586 1398; baseline 0.002 -22"><span class='ocrx_word' id='word_1_81' title='bbox 235 1312 368 1396; x_wconf 81' lang='lat' dir='ltr'><strong>ipsa</strong></span> <span class='ocrx_word' id='word_1_82' title='bbox 409 1313 620 1378; x_wconf 77' lang='lat' dir='ltr'><strong>secisse</strong></span> <span class='ocrx_word' id='word_1_83' title='bbox 660 1314 994 1391; x_wconf 86' lang='lat' dir='ltr'><strong>videbatur,</strong></span> <span class='ocrx_word' id='word_1_84' title='bbox 1051 1332 1247 1397; x_wconf 88' lang='lat' dir='ltr'><strong>neque</strong></span> <span class='ocrx_word' id='word_1_85' title='bbox 1289 1312 1613 1397; x_wconf 75' lang='lat' dir='ltr'><strong>quidquam</strong></span> <span class='ocrx_word' id='word_1_86' title='bbox 1656 1313 1848 1396; x_wconf 85' lang='lat' dir='ltr'><strong>magis</strong></span> <span class='ocrx_word' id='word_1_87' title='bbox 1893 1313 2156 1391; x_wconf 82' lang='lat' dir='ltr'><strong>dolebat,</strong></span> <span class='ocrx_word' id='word_1_88' title='bbox 2199 1333 2378 1397; x_wconf 85' lang='lat' dir='ltr'><strong>quam</strong></span> <span class='ocrx_word' id='word_1_89' title='bbox 2423 1314 2586 1398; x_wconf 88' lang='lat' dir='ltr'><strong>quod</strong></span> 
     </span>
     <span class='ocr_line' id='line_1_12' title="bbox 231 1416 2588 1501; baseline 0.002 -22"><span class='ocrx_word' id='word_1_90' title='bbox 231 1426 484 1501; x_wconf 84' lang='lat' dir='ltr'><strong>propter</strong></span> <span class='ocrx_word' id='word_1_91' title='bbox 540 1437 725 1501; x_wconf 89' lang='lat' dir='ltr'><strong>opum</strong></span> <span class='ocrx_word' id='word_1_92' title='bbox 767 1418 1252 1483; x_wconf 79' lang='lat' dir='ltr'><strong>mediocritatem</strong></span> <span class='ocrx_word' id='word_1_93' title='bbox 1311 1435 1437 1481; x_wconf 88' lang='lat' dir='ltr'><strong>non</strong></span> <span class='ocrx_word' id='word_1_94' title='bbox 1498 1425 1731 1482; x_wconf 88' lang='lat' dir='ltr'><strong>tantum</strong></span> <span class='ocrx_word' id='word_1_95' title='bbox 1790 1426 2076 1500; x_wconf 88' lang='lat' dir='ltr'><strong>quantum</strong></span> <span class='ocrx_word' id='word_1_96' title='bbox 2138 1416 2303 1483; x_wconf 86' lang='lat' dir='ltr'><strong>vellet</strong></span> <span class='ocrx_word' id='word_1_97' title='bbox 2353 1418 2588 1483; x_wconf 81' lang='lat' dir='ltr'><strong>&#39;efficere</strong></span> 
     </span>
    </p>
   </div>
   <div class='ocr_carea' id='block_1_9' title="bbox 211 1624 2582 1814">
    <p class='ocr_par' dir='ltr' id='par_1_9' title="bbox 211 1624 2582 1814">
     <span class='ocr_line' id='line_1_13' title="bbox 211 1624 2579 1716; baseline 0.002 -31"><span class='ocrx_word' id='word_1_98' title='bbox 211 1624 583 1690; x_wconf 77' lang='lat' dir='ltr'><strong>‚Pomerania</strong></span> <span class='ocrx_word' id='word_1_99' title='bbox 627 1644 867 1691; x_wconf 89' lang='lat' dir='ltr'><strong>summo</strong></span> <span class='ocrx_word' id='word_1_100' title='bbox 913 1645 1120 1716; x_wconf 83' lang='lat' dir='ltr'><strong>amore</strong></span> <span class='ocrx_word' id='word_1_101' title='bbox 1163 1634 1224 1690; x_wconf 92' lang='lat' dir='ltr'><strong>et</strong></span> <span class='ocrx_word' id='word_1_102' title='bbox 1264 1625 1503 1691; x_wconf 75' lang='lat' dir='ltr'><strong>caritate</strong></span> <span class='ocrx_word' id='word_1_103' title='bbox 1548 1625 1816 1709; x_wconf 85' lang='lat' dir='ltr'><strong>amplexa</strong></span> <span class='ocrx_word' id='word_1_104' title='bbox 1861 1633 1978 1702; x_wconf 86' lang='lat' dir='ltr'><strong>est,</strong></span> <span class='ocrx_word' id='word_1_105' title='bbox 2035 1635 2095 1690; x_wconf 90' lang='lat' dir='ltr'><strong>et</strong></span> <span class='ocrx_word' id='word_1_106' title='bbox 2135 1635 2279 1708; x_wconf 83' lang='lat' dir='ltr'><strong>post</strong></span> <span class='ocrx_word' id='word_1_107' title='bbox 2318 1634 2579 1690; x_wconf 88' lang='lat' dir='ltr'><strong>mortem</strong></span> 
     </span>
     <span class='ocr_line' id='line_1_14' title="bbox 228 1728 2582 1814; baseline 0.001 -22"><span class='ocrx_word' id='word_1_108' title='bbox 228 1747 355 1792; x_wconf 90' lang='lat' dir='ltr'><strong>non</strong></span> <span class='ocrx_word' id='word_1_109' title='bbox 412 1728 610 1794; x_wconf 86' lang='lat' dir='ltr'><strong>minus</strong></span> <span class='ocrx_word' id='word_1_110' title='bbox 668 1730 828 1812; x_wconf 86' lang='lat' dir='ltr'><strong>gravi</strong></span> <span class='ocrx_word' id='word_1_111' title='bbox 887 1730 1096 1795; x_wconf 90' lang='lat' dir='ltr'><strong>dolore</strong></span> <span class='ocrx_word' id='word_1_112' title='bbox 1158 1729 1424 1807; x_wconf 80' lang='lat' dir='ltr'><strong>deflevit,</strong></span> <span class='ocrx_word' id='word_1_113' title='bbox 1484 1749 1663 1814; x_wconf 86' lang='lat' dir='ltr'><strong>quam</strong></span> <span class='ocrx_word' id='word_1_114' title='bbox 1719 1729 1853 1795; x_wconf 87' lang='lat' dir='ltr'><strong>illos</strong></span> <span class='ocrx_word' id='word_1_115' title='bbox 1899 1729 2041 1795; x_wconf 83' lang='lat' dir='ltr'><strong>oliui</strong></span> <span class='ocrx_word' id='word_1_116' title='bbox 2085 1730 2389 1813; x_wconf 83' lang='lat' dir='ltr'><strong>principes</strong></span> <span class='ocrx_word' id='word_1_117' title='bbox 2433 1749 2582 1795; x_wconf 82' lang='lat' dir='ltr'><strong>suos</strong></span> 
     </span>
    </p>
   </div>
   <div class='ocr_carea' id='block_1_10' title="bbox 81 1519 2729 1604">
    <p class='ocr_par' dir='ltr' id='par_1_10' title="bbox 81 1519 2729 1604">
     <span class='ocr_line' id='line_1_15' title="bbox 81 1519 2729 1604; baseline 0.002 -21"><span class='ocrx_word' id='word_1_118' title='bbox 81 1564 88 1571; x_wconf 86' lang='lat'><strong>·</strong></span> <span class='ocrx_word' id='word_1_119' title='bbox 230 1530 460 1603; x_wconf 87' lang='lat' dir='ltr'><strong>posset.</strong></span> <span class='ocrx_word' id='word_1_120' title='bbox 549 1522 634 1586; x_wconf 82' lang='lat' dir='ltr'><strong>lta</strong></span> <span class='ocrx_word' id='word_1_121' title='bbox 686 1540 814 1586; x_wconf 89' lang='lat' dir='ltr'><strong>non</strong></span> <span class='ocrx_word' id='word_1_122' title='bbox 868 1541 1013 1588; x_wconf 87' lang='lat' dir='ltr'><strong>sane</strong></span> <span class='ocrx_word' id='word_1_123' title='bbox 1064 1522 1286 1587; x_wconf 86' lang='lat' dir='ltr'><strong>mirum</strong></span> <span class='ocrx_word' id='word_1_124' title='bbox 1342 1521 1504 1604; x_wconf 88' lang='lat' dir='ltr'><strong>quod</strong></span> <span class='ocrx_word' id='word_1_125' title='bbox 1547 1520 1706 1585; x_wconf 86' lang='lat' dir='ltr'><strong>hanc</strong></span> <span class='ocrx_word' id='word_1_126' title='bbox 1748 1529 1809 1585; x_wconf 92' lang='lat' dir='ltr'><strong>et</strong></span> <span class='ocrx_word' id='word_1_127' title='bbox 1849 1520 1993 1585; x_wconf 88' lang='lat' dir='ltr'><strong>dum</strong></span> <span class='ocrx_word' id='word_1_128' title='bbox 2036 1519 2267 1585; x_wconf 83' lang='lat' dir='ltr'><strong>vivebat</strong></span> <span class='ocrx_word' id='word_1_129' title='bbox 2305 1521 2585 1587; x_wconf 80' lang='lat' dir='ltr'><strong>universa</strong></span> <span class='ocrx_word' id='word_1_130' title='bbox 2722 1594 2729 1599; x_wconf 49' lang='grc'><strong>,</strong></span> 
     </span>
    </p>
   </div>
   <div class='ocr_carea' id='block_1_11' title="bbox 2623 1642 2694 1695">
    <p class='ocr_par' dir='ltr' id='par_1_11' title="bbox 2623 1642 2694 1695">
     <span class='ocr_line' id='line_1_16' title="bbox 2623 1642 2694 1695; baseline 0 0"><span class='ocrx_word' id='word_1_131' title='bbox 2623 1642 2694 1695; x_wconf 77' lang='grc'><strong>46</strong></span> 
     </span>
    </p>
   </div>
   <div class='ocr_carea' id='block_1_12' title="bbox 228 1831 2659 1918">
    <p class='ocr_par' dir='ltr' id='par_1_12' title="bbox 228 1831 2659 1918">
     <span class='ocr_line' id='line_1_17' title="bbox 228 1831 2659 1918; baseline 0.004 -24"><span class='ocrx_word' id='word_1_132' title='bbox 228 1831 563 1910; x_wconf 85' lang='lat' dir='ltr'><strong>defleverat,</strong></span> <span class='ocrx_word' id='word_1_133' title='bbox 618 1853 878 1918; x_wconf 89' lang='lat' dir='ltr'><strong>quorum</strong></span> <span class='ocrx_word' id='word_1_134' title='bbox 931 1835 1178 1917; x_wconf 78' lang='lat' dir='ltr'><strong>stirpem</strong></span> <span class='ocrx_word' id='word_1_135' title='bbox 1234 1835 1700 1900; x_wconf 77' lang='lat' dir='ltr'><strong>vetustissimam</strong></span> <span class='ocrx_word' id='word_1_136' title='bbox 1752 1842 1812 1908; x_wconf 76' lang='lat' dir='ltr'><strong>et</strong></span> <span class='ocrx_word' id='word_1_137' title='bbox 1863 1833 2297 1899; x_wconf 71' lang='lat' dir='ltr'><strong>nobilissimam</strong></span> <span class='ocrx_word' id='word_1_138' title='bbox 2350 1833 2415 1898; x_wconf 87' lang='lat' dir='ltr'><strong>in</strong></span> <span class='ocrx_word' id='word_1_139' title='bbox 2466 1833 2584 1916; x_wconf 74' lang='lat' dir='ltr'><strong>bac</strong></span> <span class='ocrx_word' id='word_1_140' title='bbox 2652 1898 2659 1903; x_wconf 86' lang='lat'><strong>.</strong></span> 
     </span>
    </p>
   </div>
   <div class='ocr_carea' id='block_1_13' title="bbox 226 1933 2581 2231">
    <p class='ocr_par' dir='ltr' id='par_1_13' title="bbox 226 1933 2581 2231">
     <span class='ocr_line' id='line_1_18' title="bbox 226 1933 2581 2018; baseline 0.003 -21"><span class='ocrx_word' id='word_1_141' title='bbox 226 1933 346 1998; x_wconf 90' lang='lat' dir='ltr'><strong>iam</strong></span> <span class='ocrx_word' id='word_1_142' title='bbox 389 1937 630 2018; x_wconf 86' lang='lat' dir='ltr'><strong>penitus</strong></span> <span class='ocrx_word' id='word_1_143' title='bbox 673 1937 989 2003; x_wconf 80' lang='lat' dir='ltr'><strong>extinctam</strong></span> <span class='ocrx_word' id='word_1_144' title='bbox 1032 1938 1195 2004; x_wconf 89' lang='lat' dir='ltr'><strong>vidit.</strong></span> <span class='ocrx_word' id='word_1_145' title='bbox 1269 1938 1341 2003; x_wconf 83' lang='lat' dir='ltr'><strong>ln</strong></span> <span class='ocrx_word' id='word_1_146' title='bbox 1384 1941 1504 2004; x_wconf 87' lang='lat' dir='ltr'><strong>boc</strong></span> <span class='ocrx_word' id='word_1_147' title='bbox 1546 1939 1706 2004; x_wconf 88' lang='lat' dir='ltr'><strong>enim</strong></span> <span class='ocrx_word' id='word_1_148' title='bbox 1751 1957 1875 2003; x_wconf 89' lang='lat' dir='ltr'><strong>uno</strong></span> <span class='ocrx_word' id='word_1_149' title='bbox 1921 1939 2129 2002; x_wconf 74' lang='lat' dir='ltr'><strong>sunere</strong></span> <span class='ocrx_word' id='word_1_150' title='bbox 2165 1947 2421 2003; x_wconf 80' lang='lat' dir='ltr'><strong>cunctos</strong></span> <span class='ocrx_word' id='word_1_151' title='bbox 2467 1936 2581 2003; x_wconf 86' lang='lat' dir='ltr'><strong>sibi</strong></span> 
     </span>
     <span class='ocr_line' id='line_1_19' title="bbox 226 2037 2579 2128; baseline 0.002 -28"><span class='ocrx_word' id='word_1_152' title='bbox 226 2037 535 2105; x_wconf 83' lang='lat' dir='ltr'><strong>videbatur</strong></span> <span class='ocrx_word' id='word_1_153' title='bbox 598 2042 833 2119; x_wconf 78' lang='lat' dir='ltr'><strong>efferre,</strong></span> <span class='ocrx_word' id='word_1_154' title='bbox 899 2062 1159 2128; x_wconf 85' lang='lat' dir='ltr'><strong>quorum</strong></span> <span class='ocrx_word' id='word_1_155' title='bbox 1224 2042 1318 2108; x_wconf 87' lang='lat' dir='ltr'><strong>illa</strong></span> <span class='ocrx_word' id='word_1_156' title='bbox 1384 2061 1512 2107; x_wconf 89' lang='lat' dir='ltr'><strong>non</strong></span> <span class='ocrx_word' id='word_1_157' title='bbox 1579 2040 1844 2107; x_wconf 87' lang='lat' dir='ltr'><strong>nominis</strong></span> <span class='ocrx_word' id='word_1_158' title='bbox 1897 2040 2092 2105; x_wconf 87' lang='lat' dir='ltr'><strong>solum</strong></span> <span class='ocrx_word' id='word_1_159' title='bbox 2150 2041 2325 2106; x_wconf 83' lang='lat' dir='ltr'><strong>heres</strong></span> <span class='ocrx_word' id='word_1_160' title='bbox 2376 2041 2579 2105; x_wconf 74' lang='lat' dir='ltr'><strong>relicta</strong></span> 
     </span>
     <span class='ocr_line' id='line_1_20' title="bbox 227 2141 2578 2231; baseline 0.001 -26"><span class='ocrx_word' id='word_1_161' title='bbox 227 2141 433 2218; x_wconf 79' lang='lat' dir='ltr'><strong>fuerat,</strong></span> <span class='ocrx_word' id='word_1_162' title='bbox 476 2144 581 2208; x_wconf 85' lang='lat' dir='ltr'><strong>sed</strong></span> <span class='ocrx_word' id='word_1_163' title='bbox 625 2144 871 2211; x_wconf 88' lang='lat' dir='ltr'><strong>virtutes</strong></span> <span class='ocrx_word' id='word_1_164' title='bbox 916 2166 1176 2231; x_wconf 87' lang='lat' dir='ltr'><strong>quoque,</strong></span> <span class='ocrx_word' id='word_1_165' title='bbox 1221 2165 1371 2231; x_wconf 87' lang='lat' dir='ltr'><strong>quas</strong></span> <span class='ocrx_word' id='word_1_166' title='bbox 1415 2145 1484 2210; x_wconf 51' lang='lat' dir='ltr'><strong>in¹</strong></span> <span class='ocrx_word' id='word_1_167' title='bbox 1515 2145 1630 2209; x_wconf 88' lang='lat' dir='ltr'><strong>illis</strong></span> <span class='ocrx_word' id='word_1_168' title='bbox 1659 2145 1845 2229; x_wconf 83' lang='lat' dir='ltr'><strong>patria</strong></span> <span class='ocrx_word' id='word_1_169' title='bbox 1874 2153 2147 2209; x_wconf 82' lang='lat' dir='ltr'><strong>venerata</strong></span> <span class='ocrx_word' id='word_1_170' title='bbox 2164 2153 2319 2221; x_wconf 73' lang='lat' dir='ltr'><strong>erat,</strong></span> <span class='ocrx_word' id='word_1_171' title='bbox 2361 2161 2578 2210; x_wconf 74' lang='lat' dir='ltr'><strong>omnes</strong></span> 
     </span>
    </p>
   </div>
   <div class='ocr_carea' id='block_1_14' title="bbox 225 2245 2715 2334">
    <p class='ocr_par' dir='ltr' id='par_1_14' title="bbox 225 2245 2715 2334">
     <span class='ocr_line' id='line_1_21' title="bbox 225 2245 2715 2334; baseline 0.002 -26"><span class='ocrx_word' id='word_1_172' title='bbox 225 2245 356 2309; x_wconf 89' lang='lat' dir='ltr'><strong>vivo</strong></span> <span class='ocrx_word' id='word_1_173' title='bbox 415 2256 476 2311; x_wconf 91' lang='lat' dir='ltr'><strong>et</strong></span> <span class='ocrx_word' id='word_1_174' title='bbox 532 2247 982 2332; x_wconf 79' lang='lat' dir='ltr'><strong>incomparabili</strong></span> <span class='ocrx_word' id='word_1_175' title='bbox 1033 2251 1305 2334; x_wconf 85' lang='lat' dir='ltr'><strong>exemplo</strong></span> <span class='ocrx_word' id='word_1_176' title='bbox 1348 2268 1678 2333; x_wconf 76' lang='lat' dir='ltr'><strong>expressas</strong></span> <span class='ocrx_word' id='word_1_177' title='bbox 1735 2257 2221 2332; x_wconf 74' lang='lat' dir='ltr'><strong>repraesentant.</strong></span> <span class='ocrx_word' id='word_1_178' title='bbox 2328 2248 2578 2314; x_wconf 79' lang='lat' dir='ltr'><strong>Univer-</strong></span> <span class='ocrx_word' id='word_1_179' title='bbox 2704 2260 2715 2271; x_wconf 85' lang='lat'><strong>·</strong></span> 
     </span>
    </p>
   </div>
   <div class='ocr_carea' id='block_1_15' title="bbox 90 2347 2575 2544">
    <p class='ocr_par' dir='ltr' id='par_1_15' title="bbox 90 2347 2575 2544">
     <span class='ocr_line' id='line_1_22' title="bbox 161 2347 2575 2448; baseline 0 -32"><span class='ocrx_word' id='word_1_180' title='bbox 161 2410 170 2416; x_wconf 74' lang='lat'><strong>.</strong></span> <span class='ocrx_word' id='word_1_181' title='bbox 226 2348 371 2414; x_wconf 87' lang='lat' dir='ltr'><strong>sitas</strong></span> <span class='ocrx_word' id='word_1_182' title='bbox 424 2359 620 2415; x_wconf 88' lang='lat' dir='ltr'><strong>autem</strong></span> <span class='ocrx_word' id='word_1_183' title='bbox 674 2363 911 2430; x_wconf 88' lang='lat' dir='ltr'><strong>nostra,</strong></span> <span class='ocrx_word' id='word_1_184' title='bbox 962 2354 1232 2448; x_wconf 84' lang='lat' dir='ltr'><strong>pluribus</strong></span> <span class='ocrx_word' id='word_1_185' title='bbox 1287 2356 1407 2419; x_wconf 79' lang='lat' dir='ltr'><strong>sere</strong></span> <span class='ocrx_word' id='word_1_186' title='bbox 1459 2372 1637 2438; x_wconf 90' lang='lat' dir='ltr'><strong>quam</strong></span> <span class='ocrx_word' id='word_1_187' title='bbox 1683 2351 1798 2417; x_wconf 91' lang='lat' dir='ltr'><strong>ulla</strong></span> <span class='ocrx_word' id='word_1_188' title='bbox 1840 2353 1952 2417; x_wconf 84' lang='lat' dir='ltr'><strong>alia</strong></span> <span class='ocrx_word' id='word_1_189' title='bbox 1993 2347 2080 2417; x_wconf 79' lang='lat' dir='ltr'><strong>rei</strong></span> <span class='ocrx_word' id='word_1_190' title='bbox 2123 2352 2393 2436; x_wconf 76' lang='lat' dir='ltr'><strong>publicae</strong></span> <span class='ocrx_word' id='word_1_191' title='bbox 2433 2370 2575 2436; x_wconf 85' lang='lat' dir='ltr'><strong>pars</strong></span> 
     </span>
     <span class='ocr_line' id='line_1_23' title="bbox 90 2455 2575 2544; baseline 0.002 -26"><span class='ocrx_word' id='word_1_192' title='bbox 90 2470 96 2476; x_wconf 83' lang='lat'><em>·</em></span> <span class='ocrx_word' id='word_1_193' title='bbox 223 2462 284 2518; x_wconf 87' lang='lat' dir='ltr'><strong>et</strong></span> <span class='ocrx_word' id='word_1_194' title='bbox 335 2455 760 2538; x_wconf 77' lang='lat' dir='ltr'><strong>insignioribus</strong></span> <span class='ocrx_word' id='word_1_195' title='bbox 813 2458 1113 2525; x_wconf 80' lang='lat' dir='ltr'><strong>beneflciis</strong></span> <span class='ocrx_word' id='word_1_196' title='bbox 1159 2479 1192 2525; x_wconf 91' lang='lat' dir='ltr'><strong>a</strong></span> <span class='ocrx_word' id='word_1_197' title='bbox 1234 2457 1608 2544; x_wconf 86' lang='lat' dir='ltr'><strong>principibus</strong></span> <span class='ocrx_word' id='word_1_198' title='bbox 1651 2458 1955 2542; x_wconf 84' lang='lat' dir='ltr'><strong>quondam</strong></span> <span class='ocrx_word' id='word_1_199' title='bbox 1998 2457 2127 2523; x_wconf 86' lang='lat' dir='ltr'><strong>suis</strong></span> <span class='ocrx_word' id='word_1_200' title='bbox 2168 2458 2403 2535; x_wconf 78' lang='lat' dir='ltr'><strong>affecta,</strong></span> <span class='ocrx_word' id='word_1_201' title='bbox 2464 2476 2575 2523; x_wconf 83' lang='lat' dir='ltr'><strong>au-</strong></span> 
     </span>
    </p>
   </div>
   <div class='ocr_carea' id='block_1_16' title="bbox 224 2555 2576 2642">
    <p class='ocr_par' dir='ltr' id='par_1_16' title="bbox 224 2555 2576 2642">
     <span class='ocr_line' id='line_1_24' title="bbox 224 2555 2576 2642; baseline 0.003 -20"><span class='ocrx_word' id='word_1_202' title='bbox 224 2567 389 2623; x_wconf 87' lang='lat' dir='ltr'><strong>ctore</strong></span> <span class='ocrx_word' id='word_1_203' title='bbox 429 2559 567 2642; x_wconf 85' lang='lat' dir='ltr'><strong>ipso</strong></span> <span class='ocrx_word' id='word_1_204' title='bbox 611 2561 897 2627; x_wconf 70' lang='lat' dir='ltr'><strong>Ennnsro</strong></span> <span class='ocrx_word' id='word_1_205' title='bbox 926 2563 1254 2642; x_wconf 75' lang='lat' dir='ltr'><strong>Boctsuo,</strong></span> <span class='ocrx_word' id='word_1_206' title='bbox 1294 2560 1694 2639; x_wconf 68' lang='lat' dir='ltr'><strong>Annas-filio,</strong></span> <span class='ocrx_word' id='word_1_207' title='bbox 1741 2561 1897 2627; x_wconf 89' lang='lat' dir='ltr'><strong>diem</strong></span> <span class='ocrx_word' id='word_1_208' title='bbox 1942 2555 2128 2627; x_wconf 76' lang='lat' dir='ltr'><strong>huius‘</strong></span> <span class='ocrx_word' id='word_1_209' title='bbox 2166 2562 2576 2640; x_wconf 82' lang='lat' dir='ltr'><strong>emortualem,</strong></span> 
     </span>
    </p>
   </div>
   <div class='ocr_carea' id='block_1_17' title="bbox 223 2660 2601 2751">
    <p class='ocr_par' dir='ltr' id='par_1_17' title="bbox 223 2660 2601 2751">
     <span class='ocr_line' id='line_1_25' title="bbox 223 2660 2601 2751; baseline 0.004 -28"><span class='ocrx_word' id='word_1_210' title='bbox 223 2660 325 2742; x_wconf 89' lang='lat' dir='ltr'><strong>qui</strong></span> <span class='ocrx_word' id='word_1_211' title='bbox 368 2671 494 2726; x_wconf 86' lang='lat' dir='ltr'><strong>erat</strong></span> <span class='ocrx_word' id='word_1_212' title='bbox 537 2663 595 2728; x_wconf 91' lang='lat' dir='ltr'><strong>d.</strong></span> <span class='ocrx_word' id='word_1_213' title='bbox 634 2684 716 2728; x_wconf 85' lang='lat' dir='ltr'><strong>vn</strong></span> <span class='ocrx_word' id='word_1_214' title='bbox 760 2666 851 2729; x_wconf 88' lang='lat' dir='ltr'><strong>vel</strong></span> <span class='ocrx_word' id='word_1_215' title='bbox 893 2686 966 2731; x_wconf 85' lang='lat' dir='ltr'><strong>ex</strong></span> <span class='ocrx_word' id='word_1_216' title='bbox 1008 2668 1316 2733; x_wconf 85' lang='lat' dir='ltr'><strong>emendata</strong></span> <span class='ocrx_word' id='word_1_217' title='bbox 1359 2686 1538 2751; x_wconf 86' lang='lat' dir='ltr'><strong>quam</strong></span> <span class='ocrx_word' id='word_1_218' title='bbox 1582 2685 1750 2731; x_wconf 88' lang='lat' dir='ltr'><strong>nunc</strong></span> <span class='ocrx_word' id='word_1_219' title='bbox 1791 2666 2096 2750; x_wconf 83' lang='lat' dir='ltr'><strong>sequimur</strong></span> <span class='ocrx_word' id='word_1_220' title='bbox 2138 2668 2430 2731; x_wconf 78' lang='lat' dir='ltr'><strong>fastorum</strong></span> <span class='ocrx_word' id='word_1_221' title='bbox 2472 2686 2601 2742; x_wconf 55' lang='grc' dir='ltr'><strong>τυ,</strong></span> 
     </span>
    </p>
   </div>
   <div class='ocr_carea' id='block_1_18' title="bbox 220 2762 2570 2856">
    <p class='ocr_par' dir='ltr' id='par_1_18' title="bbox 220 2762 2570 2856">
     <span class='ocr_line' id='line_1_26' title="bbox 220 2762 2570 2856; baseline 0.004 -30"><span class='ocrx_word' id='word_1_222' title='bbox 220 2762 384 2829; x_wconf 89' lang='lat' dir='ltr'><strong>tione</strong></span> <span class='ocrx_word' id='word_1_223' title='bbox 424 2766 482 2830; x_wconf 92' lang='lat' dir='ltr'><strong>d.</strong></span> <span class='ocrx_word' id='word_1_224' title='bbox 512 2786 683 2832; x_wconf 82' lang='lat' dir='ltr'><strong>xvnn</strong></span> <span class='ocrx_word' id='word_1_225' title='bbox 726 2789 809 2834; x_wconf 92' lang='lat' dir='ltr'><strong>m.</strong></span> <span class='ocrx_word' id='word_1_226' title='bbox 842 2769 992 2847; x_wconf 86' lang='lat' dir='ltr'><strong>Iulii,</strong></span> <span class='ocrx_word' id='word_1_227' title='bbox 1038 2792 1091 2836; x_wconf 82' lang='lat' dir='ltr'><strong>a.</strong></span> <span class='ocrx_word' id='word_1_228' title='bbox 1123 2791 1344 2848; x_wconf 74' lang='lat' dir='ltr'><strong>nonu,</strong></span> <span class='ocrx_word' id='word_1_229' title='bbox 1387 2775 1452 2835; x_wconf 75' lang='lat' dir='ltr'><strong>in</strong></span> <span class='ocrx_word' id='word_1_230' title='bbox 1495 2775 1845 2835; x_wconf 67' lang='lat' dir='ltr'><strong>mmor-iam</strong></span> <span class='ocrx_word' id='word_1_231' title='bbox 1890 2775 2061 2852; x_wconf 85' lang='lat' dir='ltr'><strong>(sunt</strong></span> <span class='ocrx_word' id='word_1_232' title='bbox 2100 2770 2248 2836; x_wconf 86' lang='lat' dir='ltr'><strong>haec</strong></span> <span class='ocrx_word' id='word_1_233' title='bbox 2288 2771 2418 2856; x_wconf 89' lang='lat' dir='ltr'><strong>ipsa</strong></span> <span class='ocrx_word' id='word_1_234' title='bbox 2445 2770 2570 2836; x_wconf 81' lang='lat' dir='ltr'><strong>En-</strong></span> 
     </span>
    </p>
   </div>
   <div class='ocr_carea' id='block_1_19' title="bbox 70 2865 2572 2964">
    <p class='ocr_par' dir='ltr' id='par_1_19' title="bbox 70 2865 2572 2964">
     <span class='ocr_line' id='line_1_27' title="bbox 70 2865 2572 2964; baseline 0.005 -36"><span class='ocrx_word' id='word_1_235' title='bbox 70 2865 76 2871; x_wconf 84' lang='lat'>&#39;</span> <span class='ocrx_word' id='word_1_236' title='bbox 219 2885 398 2932; x_wconf 65' lang='lat' dir='ltr'><strong>nasu</strong></span> <span class='ocrx_word' id='word_1_237' title='bbox 442 2870 728 2937; x_wconf 74' lang='lat' dir='ltr'><strong>Bocisut</strong></span> <span class='ocrx_word' id='word_1_238' title='bbox 785 2875 963 2940; x_wconf 85' lang='lat' dir='ltr'><strong>verba</strong></span> <span class='ocrx_word' id='word_1_239' title='bbox 1029 2876 1089 2940; x_wconf 90' lang='lat' dir='ltr'><strong>in</strong></span> <span class='ocrx_word' id='word_1_240' title='bbox 1155 2875 1408 2960; x_wconf 87' lang='lat' dir='ltr'><strong>epistola</strong></span> <span class='ocrx_word' id='word_1_241' title='bbox 1473 2876 1547 2941; x_wconf 85' lang='lat' dir='ltr'><strong>ad</strong></span> <span class='ocrx_word' id='word_1_242' title='bbox 1614 2875 2056 2964; x_wconf 82' lang='lat' dir='ltr'><strong>universitatem</strong></span> <span class='ocrx_word' id='word_1_243' title='bbox 2126 2874 2382 2959; x_wconf 84' lang='lat' dir='ltr'><strong>scripta)</strong></span> <span class='ocrx_word' id='word_1_244' title='bbox 2447 2887 2572 2941; x_wconf 68' lang='lat' dir='ltr'><strong>tm</strong></span> 
     </span>
    </p>
   </div>
   <div class='ocr_carea' id='block_1_20' title="bbox 215 2973 2623 3064">
    <p class='ocr_par' dir='ltr' id='par_1_20' title="bbox 215 2973 2623 3064">
     <span class='ocr_line' id='line_1_28' title="bbox 215 2973 2623 3064; baseline 0.004 -28"><span class='ocrx_word' id='word_1_245' title='bbox 215 2973 401 3054; x_wconf 65' lang='lat' dir='ltr'><strong>ipsiu</strong></span> <span class='ocrx_word' id='word_1_246' title='bbox 454 2979 705 3058; x_wconf 72' lang='lat' dir='ltr'><strong>optimae</strong></span> <span class='ocrx_word' id='word_1_247' title='bbox 747 2975 1044 3063; x_wconf 73' lang='lat' dir='ltr'><strong>Principis</strong></span> <span class='ocrx_word' id='word_1_248' title='bbox 1095 2999 1275 3064; x_wconf 75' lang='lat' dir='ltr'><strong>quom</strong></span> <span class='ocrx_word' id='word_1_249' title='bbox 1328 2984 1842 3045; x_wconf 62' lang='lat' dir='ltr'><strong>serenissimorum</strong></span> <span class='ocrx_word' id='word_1_250' title='bbox 1894 2991 1979 3044; x_wconf 81' lang='lat' dir='ltr'><strong>tot</strong></span> <span class='ocrx_word' id='word_1_251' title='bbox 2033 2983 2407 3063; x_wconf 60' lang='lat' dir='ltr'><strong>egregiorum</strong></span> <span class='ocrx_word' id='word_1_252' title='bbox 2448 2977 2570 3045; x_wconf 88' lang='lat' dir='ltr'><strong>Po·</strong></span> <span class='ocrx_word' id='word_1_253' title='bbox 2615 3012 2623 3020; x_wconf 94' lang='lat'><strong>·</strong></span> 
     </span>
    </p>
   </div>
   <div class='ocr_carea' id='block_1_21' title="bbox 205 3077 2570 3686">
    <p class='ocr_par' dir='ltr' id='par_1_21' title="bbox 205 3077 2570 3686">
     <span class='ocr_line' id='line_1_29' title="bbox 214 3077 2568 3169; baseline 0.005 -30"><span class='ocrx_word' id='word_1_254' title='bbox 214 3081 521 3142; x_wconf 64' lang='lat' dir='ltr'><strong>meratina</strong></span> <span class='ocrx_word' id='word_1_255' title='bbox 571 3077 838 3155; x_wconf 77' lang='lat' dir='ltr'><strong>Ducum,</strong></span> <span class='ocrx_word' id='word_1_256' title='bbox 906 3101 948 3146; x_wconf 81' lang='lat' dir='ltr'><em>a</em></span> <span class='ocrx_word' id='word_1_257' title='bbox 1003 3082 1216 3167; x_wconf 68' lang='lat' dir='ltr'><strong>quibus</strong></span> <span class='ocrx_word' id='word_1_258' title='bbox 1268 3082 1431 3148; x_wconf 74' lang='lat' dir='ltr'><strong>haud</strong></span> <span class='ocrx_word' id='word_1_259' title='bbox 1482 3086 1731 3169; x_wconf 69' lang='lat' dir='ltr'><strong>deponor</strong></span> <span class='ocrx_word' id='word_1_260' title='bbox 1783 3085 2106 3159; x_wconf 71' lang='lat' dir='ltr'><strong>descendit,</strong></span> <span class='ocrx_word' id='word_1_261' title='bbox 2171 3085 2568 3169; x_wconf 60' lang='lat' dir='ltr'><strong>sudatoriam</strong></span> 
     </span>
     <span class='ocr_line' id='line_1_30' title="bbox 211 3178 2570 3272; baseline 0.005 -29"><span class='ocrx_word' id='word_1_262' title='bbox 211 3178 431 3245; x_wconf 68' lang='lat' dir='ltr'><strong>sct‘lioet</strong></span> <span class='ocrx_word' id='word_1_263' title='bbox 492 3195 550 3247; x_wconf 82' lang='lat' dir='ltr'><strong>et</strong></span> <span class='ocrx_word' id='word_1_264' title='bbox 609 3188 1010 3250; x_wconf 70' lang='lat' dir='ltr'><strong>nutriciorum</strong></span> <span class='ocrx_word' id='word_1_265' title='bbox 1071 3186 1248 3251; x_wconf 70' lang='lat' dir='ltr'><strong>huius</strong></span> <span class='ocrx_word' id='word_1_266' title='bbox 1316 3185 1728 3254; x_wconf 74' lang='lat' dir='ltr'><strong>Universitatt&#39;s</strong></span> <span class='ocrx_word' id='word_1_267' title='bbox 1792 3206 2100 3272; x_wconf 61' lang='lat' dir='ltr'><strong>nmquam</strong></span> <span class='ocrx_word' id='word_1_268' title='bbox 2167 3188 2570 3255; x_wconf 63' lang='lat' dir='ltr'><strong>obliterandae</strong></span> 
     </span>
     <span class='ocr_line' id='line_1_31' title="bbox 207 3286 2564 3377; baseline 0.005 -29"><span class='ocrx_word' id='word_1_269' title='bbox 207 3286 590 3364; x_wconf 59' lang='lat' dir='ltr'><strong>gratitudinis</strong></span> <span class='ocrx_word' id='word_1_270' title='bbox 642 3289 841 3371; x_wconf 72' lang='lat' dir='ltr'><strong>officio</strong></span> <span class='ocrx_word' id='word_1_271' title='bbox 896 3289 1361 3357; x_wconf 82' lang='lat' dir='ltr'><strong>decennnalibus</strong></span> <span class='ocrx_word' id='word_1_272' title='bbox 1412 3293 1600 3357; x_wconf 85' lang='lat' dir='ltr'><strong>sacris</strong></span> <span class='ocrx_word' id='word_1_273' title='bbox 1645 3292 1707 3357; x_wconf 89' lang='lat' dir='ltr'><strong>in</strong></span> <span class='ocrx_word' id='word_1_274' title='bbox 1750 3299 2106 3377; x_wconf 83' lang='lat' dir='ltr'><strong>perpetuum</strong></span> <span class='ocrx_word' id='word_1_275' title='bbox 2151 3293 2564 3360; x_wconf 84' lang='lat' dir='ltr'><strong>celebrandum</strong></span> 
     </span>
     <span class='ocr_line' id='line_1_32' title="bbox 210 3389 2338 3453; baseline 0.001 -2"><span class='ocrx_word' id='word_1_276' title='bbox 210 3395 329 3452; x_wconf 85' lang='lat' dir='ltr'><strong>stat</strong></span> <span class='ocrx_word' id='word_1_277' title='bbox 375 3389 389 3403; x_wconf 87' lang='lat'>&#39;</span> <span class='ocrx_word' id='word_1_278' title='bbox 2334 3450 2338 3453; x_wconf 21' lang='lat'><strong>⁴</strong></span> 
     </span>
     <span class='ocr_line' id='line_1_33' title="bbox 329 3399 2565 3580; baseline 0.005 -22"><span class='ocrx_word' id='word_1_279' title='bbox 329 3399 491 3559; x_wconf 59' lang='lat' dir='ltr'><strong>ulltiis</strong></span> <span class='ocrx_word' id='word_1_280' title='bbox 534 3495 713 3580; x_wconf 87' lang='lat' dir='ltr'><strong>igitur</strong></span> <span class='ocrx_word' id='word_1_281' title='bbox 756 3499 942 3564; x_wconf 71' lang='lat' dir='ltr'><strong>sacr-is</strong></span> <span class='ocrx_word' id='word_1_282' title='bbox 988 3500 1249 3565; x_wconf 76' lang='lat' dir='ltr'><strong>cmstino</strong></span> <span class='ocrx_word' id='word_1_283' title='bbox 1295 3500 1417 3577; x_wconf 91' lang='lat' dir='ltr'><strong>die,</strong></span> <span class='ocrx_word' id='word_1_284' title='bbox 1460 3500 1522 3564; x_wconf 83' lang='lat' dir='ltr'><strong>h.</strong></span> <span class='ocrx_word' id='word_1_285' title='bbox 1567 3519 1650 3564; x_wconf 94' lang='lat' dir='ltr'><strong>m.</strong></span> <span class='ocrx_word' id='word_1_286' title='bbox 1681 3503 1873 3579; x_wconf 83' lang='lat' dir='ltr'><strong>xvmi,</strong></span> <span class='ocrx_word' id='word_1_287' title='bbox 1919 3465 2151 3568; x_wconf 84' lang='lat' dir='ltr'><strong>decimo</strong></span> <span class='ocrx_word' id='word_1_288' title='bbox 2194 3503 2314 3569; x_wconf 90' lang='lat' dir='ltr'><strong>iam</strong></span> <span class='ocrx_word' id='word_1_289' title='bbox 2360 3512 2423 3569; x_wconf 86' lang='lat' dir='ltr'><strong>et</strong></span> <span class='ocrx_word' id='word_1_290' title='bbox 2462 3522 2565 3569; x_wconf 82' lang='lat' dir='ltr'><strong>so-</strong></span> 
     </span>
     <span class='ocr_line' id='line_1_34' title="bbox 205 3596 2562 3686; baseline 0.006 -25"><span class='ocrx_word' id='word_1_291' title='bbox 205 3596 400 3678; x_wconf 86' lang='lat' dir='ltr'><strong>ptimo</strong></span> <span class='ocrx_word' id='word_1_292' title='bbox 451 3610 597 3682; x_wconf 89' lang='lat' dir='ltr'><strong>post</strong></span> <span class='ocrx_word' id='word_1_293' title='bbox 646 3601 911 3685; x_wconf 81' lang='lat' dir='ltr'><strong>egregiae</strong></span> <span class='ocrx_word' id='word_1_294' title='bbox 955 3603 1250 3686; x_wconf 84' lang='lat' dir='ltr'><strong>Principis</strong></span> <span class='ocrx_word' id='word_1_295' title='bbox 1305 3602 1535 3668; x_wconf 89' lang='lat' dir='ltr'><strong>obitum</strong></span> <span class='ocrx_word' id='word_1_296' title='bbox 1578 3614 1782 3670; x_wconf 82' lang='lat' dir='ltr'><strong>exacto</strong></span> <span class='ocrx_word' id='word_1_297' title='bbox 1827 3606 2147 3685; x_wconf 82' lang='lat' dir='ltr'><strong>decennio,</strong></span> <span class='ocrx_word' id='word_1_298' title='bbox 2203 3608 2268 3672; x_wconf 90' lang='lat' dir='ltr'><strong>in</strong></span> <span class='ocrx_word' id='word_1_299' title='bbox 2310 3608 2562 3673; x_wconf 79' lang='lat' dir='ltr'><strong>Audito-</strong></span> 
     </span>
    </p>
   </div>
   <div class='ocr_carea' id='block_1_22' title="bbox 205 3699 2583 3796">
    <p class='ocr_par' dir='ltr' id='par_1_22' title="bbox 205 3699 2583 3796">
     <span class='ocr_line' id='line_1_35' title="bbox 205 3699 2583 3796; baseline 0.006 -32"><span class='ocrx_word' id='word_1_300' title='bbox 205 3699 298 3764; x_wconf 87' lang='lat' dir='ltr'><strong>rio</strong></span> <span class='ocrx_word' id='word_1_301' title='bbox 362 3703 573 3767; x_wconf 88' lang='lat' dir='ltr'><strong>maiori</strong></span> <span class='ocrx_word' id='word_1_302' title='bbox 648 3704 1001 3772; x_wconf 83' lang='lat' dir='ltr'><strong>universitas</strong></span> <span class='ocrx_word' id='word_1_303' title='bbox 1073 3715 1282 3773; x_wconf 89' lang='lat' dir='ltr'><strong>nostra</strong></span> <span class='ocrx_word' id='word_1_304' title='bbox 1346 3727 1419 3772; x_wconf 89' lang='lat' dir='ltr'><strong>ex</strong></span> <span class='ocrx_word' id='word_1_305' title='bbox 1485 3708 1783 3775; x_wconf 84' lang='lat' dir='ltr'><strong>maiorum</strong></span> <span class='ocrx_word' id='word_1_306' title='bbox 1851 3708 2127 3776; x_wconf 85' lang='lat' dir='ltr'><strong>instituto</strong></span> <span class='ocrx_word' id='word_1_307' title='bbox 2196 3711 2583 3796; x_wconf 76' lang='lat' dir='ltr'><strong>operabitur..</strong></span> 
     </span>
    </p>
   </div>
   <div class='ocr_carea' id='block_1_23' title="bbox 195 3802 2561 4317">
    <p class='ocr_par' dir='ltr' id='par_1_23' title="bbox 195 3802 2561 4317">
     <span class='ocr_line' id='line_1_36' title="bbox 203 3802 2561 3898; baseline 0.006 -31"><span class='ocrx_word' id='word_1_308' title='bbox 203 3802 445 3870; x_wconf 84' lang='lat' dir='ltr'><strong>Pietatis</strong></span> <span class='ocrx_word' id='word_1_309' title='bbox 502 3812 748 3874; x_wconf 85' lang='lat' dir='ltr'><strong>nostrae</strong></span> <span class='ocrx_word' id='word_1_310' title='bbox 806 3810 1189 3894; x_wconf 86' lang='lat' dir='ltr'><strong>interpretem</strong></span> <span class='ocrx_word' id='word_1_311' title='bbox 1249 3830 1385 3877; x_wconf 85' lang='lat' dir='ltr'><strong>esse</strong></span> <span class='ocrx_word' id='word_1_312' title='bbox 1441 3813 1738 3880; x_wconf 89' lang='lat' dir='ltr'><strong>voluimus</strong></span> <span class='ocrx_word' id='word_1_313' title='bbox 1797 3814 2079 3898; x_wconf 80' lang='lat' dir='ltr'><strong>collegam</strong></span> <span class='ocrx_word' id='word_1_314' title='bbox 2137 3816 2561 3882; x_wconf 85' lang='lat' dir='ltr'><strong>coniunctissi-</strong></span> 
     </span>
     <span class='ocr_line' id='line_1_37' title="bbox 201 3908 2559 3995; baseline 0.007 -24"><span class='ocrx_word' id='word_1_315' title='bbox 201 3925 372 3972; x_wconf 90' lang='lat' dir='ltr'><strong>mum</strong></span> <span class='ocrx_word' id='word_1_316' title='bbox 420 3908 489 3973; x_wconf 87' lang='lat' dir='ltr'><strong>D.</strong></span> <span class='ocrx_word' id='word_1_317' title='bbox 544 3910 867 3978; x_wconf 58' lang='grc' dir='ltr'><strong>(ἔποπα-,ποι</strong></span> <span class='ocrx_word' id='word_1_318' title='bbox 919 3913 1297 3980; x_wconf 71' lang='lat' dir='ltr'><strong>annmcuu</strong></span> <span class='ocrx_word' id='word_1_319' title='bbox 1352 3915 1752 3995; x_wconf 63' lang='lat' dir='ltr'><strong>Senonum,</strong></span> <span class='ocrx_word' id='word_1_320' title='bbox 1797 3919 2128 3984; x_wconf 88' lang='lat' dir='ltr'><strong>Literarum</strong></span> <span class='ocrx_word' id='word_1_321' title='bbox 2174 3920 2274 3986; x_wconf 86' lang='lat' dir='ltr'><strong>Gr.</strong></span> <span class='ocrx_word' id='word_1_322' title='bbox 2332 3930 2391 3987; x_wconf 90' lang='lat' dir='ltr'><strong>et</strong></span> <span class='ocrx_word' id='word_1_323' title='bbox 2430 3921 2559 3987; x_wconf 90' lang='lat' dir='ltr'><strong>Lat.</strong></span> 
     </span>
     <span class='ocr_line' id='line_1_38' title="bbox 198 4010 2558 4109; baseline 0.008 -34"><span class='ocrx_word' id='word_1_324' title='bbox 198 4010 366 4109; x_wconf 67' lang='lat' dir='ltr'><strong>Prot.</strong></span> <span class='ocrx_word' id='word_1_325' title='bbox 409 4012 478 4078; x_wconf 85' lang='lat' dir='ltr'><strong>P.</strong></span> <span class='ocrx_word' id='word_1_326' title='bbox 526 4014 630 4092; x_wconf 87' lang='grc'><strong>0.,</strong></span> <span class='ocrx_word' id='word_1_327' title='bbox 691 4017 793 4099; x_wconf 89' lang='lat' dir='ltr'><strong>qui</strong></span> <span class='ocrx_word' id='word_1_328' title='bbox 836 4017 1027 4100; x_wconf 87' lang='lat' dir='ltr'><strong>qualis</strong></span> <span class='ocrx_word' id='word_1_329' title='bbox 1073 4020 1250 4084; x_wconf 79' lang='lat' dir='ltr'><strong>suerit</strong></span> <span class='ocrx_word' id='word_1_330' title='bbox 1290 4020 1769 4087; x_wconf 73' lang='lat' dir='ltr'><strong>pomeranorum</strong></span> <span class='ocrx_word' id='word_1_331' title='bbox 1815 4024 2155 4107; x_wconf 81' lang='lat' dir='ltr'><strong>principum</strong></span> <span class='ocrx_word' id='word_1_332' title='bbox 2198 4021 2387 4091; x_wconf 84' lang='lat' dir='ltr'><strong>virtus</strong></span> <span class='ocrx_word' id='word_1_333' title='bbox 2434 4045 2558 4092; x_wconf 87' lang='lat' dir='ltr'><strong>uno</strong></span> 
     </span>
     <span class='ocr_line' id='line_1_39' title="bbox 196 4116 2556 4216; baseline 0.007 -37"><span class='ocrx_word' id='word_1_334' title='bbox 196 4116 455 4181; x_wconf 85' lang='lat' dir='ltr'><strong>maxime</strong></span> <span class='ocrx_word' id='word_1_335' title='bbox 507 4118 729 4202; x_wconf 89' lang='lat' dir='ltr'><strong>insigni</strong></span> <span class='ocrx_word' id='word_1_336' title='bbox 782 4120 1070 4186; x_wconf 69' lang='lat' dir='ltr'><strong>Bootsmt</strong></span> <span class='ocrx_word' id='word_1_337' title='bbox 1119 4122 1315 4206; x_wconf 76' lang='lat' dir='ltr'><strong>Magni</strong></span> <span class='ocrx_word' id='word_1_338' title='bbox 1367 4126 1640 4210; x_wconf 87' lang='lat' dir='ltr'><strong>exemplo</strong></span> <span class='ocrx_word' id='word_1_339' title='bbox 1698 4127 2149 4216; x_wconf 84' lang='lat' dir='ltr'><strong>demonstrabit.</strong></span> <span class='ocrx_word' id='word_1_340' title='bbox 2238 4129 2556 4208; x_wconf 81' lang='lat' dir='ltr'><strong>Quamob-</strong></span> 
     </span>
     <span class='ocr_line' id='line_1_40' title="bbox 195 4224 2559 4317; baseline 0.007 -33"><span class='ocrx_word' id='word_1_341' title='bbox 195 4238 324 4283; x_wconf 85' lang='lat' dir='ltr'><strong>rem</strong></span> <span class='ocrx_word' id='word_1_342' title='bbox 393 4240 630 4288; x_wconf 66' lang='lat' dir='ltr'><strong>omnes2</strong></span> <span class='ocrx_word' id='word_1_343' title='bbox 672 4224 887 4307; x_wconf 84' lang='lat' dir='ltr'><strong>quibus</strong></span> <span class='ocrx_word' id='word_1_344' title='bbox 951 4226 1333 4310; x_wconf 86' lang='lat' dir='ltr'><strong>antiquorum</strong></span> <span class='ocrx_word' id='word_1_345' title='bbox 1399 4229 1788 4297; x_wconf 73' lang='lat' dir='ltr'><strong>pomeraniae</strong></span> <span class='ocrx_word' id='word_1_346' title='bbox 1852 4232 2201 4317; x_wconf 84' lang='lat' dir='ltr'><strong>Principum</strong></span> <span class='ocrx_word' id='word_1_347' title='bbox 2266 4236 2559 4301; x_wconf 86' lang='lat' dir='ltr'><strong>memoria</strong></span> 
     </span>
    </p>
   </div>
  </div>
 </body>
</html>
