3102 4866
1470 257 1593 349 10'1

13 416 22 429 ι
77 450 86 457 “
139 568 144 575 ¹
353 471 652 542 sunonem
685 493 898 560 parum
942 480 1320 560 perspectam
1348 469 1582 537 babeat.
1668 471 1829 537 Deos
1858 472 1956 538 ille
1986 488 2227 548 omnes,
2271 487 2425 555 quos
2451 470 2716 554 populus

331 580 604 671 publicis
632 580 1015 663 religionibus
1045 580 1281 657 coleret,
1309 586 1370 641 et
1391 596 1534 642 esse
1555 576 1706 642 deos
1738 578 1928 643 credit
1956 586 2019 642 et
2045 575 2390 641 adorandos
2422 580 2711 657 tanquam

308 677 561 771 ffldi
612 703 934 769 remmque
969 686 1368 749 humanarum
1416 682 1724 767 praesides
1770 691 1831 748 et
1878 682 2321 756 moderatores,
2372 678 2554 744 alium
2592 677 2708 743 alio

305 776 661 877 abienus,
684 790 916 867 virtute,
947 789 1217 872 potentia
1247 787 1763 872 praestantiorem,
1790 785 2030 852 honore
2052 793 2256 849 tamen
2284 791 2347 848 et
2381 783 2709 848 reveremia

301 882 567 977 Quos
620 913 853 960 omnes.
941 895 1134 976 Atque
1182 893 1341 958 banc
1375 891 1770 957 reverentiam
1809 900 1870 956 et
1897 888 2245 972 religionem
2297 905 2427 953 non
2475 887 2711 971 passim

339 996 765 1063 Utummodo
806 998 1099 1080 inspersis
1140 995 1312 1062 dictis
1350 995 1697 1080 praeclaris,
1750 994 1941 1079 qualia
1968 994 2146 1058 etiam
2174 992 2336 1076 apud
2363 992 2711 1076 Euripidem

347 1097 533 1167 dulta
563 1110 731 1178 sunt,
760 1101 1077 1165 bominum
1118 1100 1332 1165 animis
1369 1099 1642 1178 inculcat,
1671 1100 1778 1164 sed
1817 1108 1911 1164 est
1940 1099 2090 1163 haec
2111 1096 2386 1183 omnium
2412 1096 2545 1161 eins
2568 1101 2709 1163 tra·

75 1208 88 1217 ’
127 1184 134 1193 ’
226 1246 246 1291 3
339 1204 692 1295 fflediarum
722 1223 978 1280 summa,
1010 1205 1332 1287 omnisque
1359 1223 1565 1269 earum
1596 1203 1914 1286 descriptio
1945 1212 2006 1268 et
2030 1200 2391 1284 compositio
2419 1200 2542 1266 buc
2566 1220 2711 1285 per-

345 1308 511 1385 tinet,
542 1326 668 1372 non
695 1316 765 1372 ut
790 1307 1082 1373 infinitam
1115 1307 1371 1392 aliquam
1402 1318 1462 1373 et
1496 1308 1833 1373 absolutam
1862 1317 2135 1373 naturam
2178 1306 2435 1372 divinam
2449 1354 2466 1384 ,
2500 1324 2707 1370 nerum

345 1412 618 1478 omnium
648 1412 998 1477 effectricem
1029 1420 1088 1477 et
1115 1410 1590 1487 moderatricem,
1619 1412 1724 1477 sed
1752 1420 1823 1477 ut
1851 1413 1968 1477 hos
2006 1413 2176 1495 ipsos
2218 1409 2396 1487 deos,
2447 1428 2707 1493 quorum

344 1518 591 1582 nomina
621 1537 654 1582 a
683 1517 1011 1582 maioribus
1039 1516 1255 1582 tradita
1284 1525 1615 1600 acceperat,
1639 1536 1897 1601 quorum
1926 1517 2144 1600 templa
2170 1516 2235 1580 in
2263 1513 2515 1579 urbibus
2547 1531 2699 1579 con-
2734 1530 2769 1584 8

274 1688 284 1696 ,
346 1620 550 1685 stituta
579 1630 765 1699 erant,
796 1640 952 1706 quos
973 1621 1163 1687 sacris
1194 1631 1254 1685 et
1283 1620 1662 1686 caerimoniis
1692 1620 1851 1684 cives
1880 1618 2177 1696 colebant,
2210 1618 2493 1702 religiose
2521 1636 2700 1684 vene·-

341 1725 566 1790 randos
596 1744 733 1790 esse
761 1725 1021 1791 doceret.
1112 1725 1266 1790 Huic
1293 1734 1493 1791 autem
1525 1724 1778 1790 consilio
1808 1723 2219 1809 attemperavit
2256 1725 2435 1789 etiam
2470 1723 2703 1798 fabula·

341 1848 509 1905 rum,
559 1847 710 1912 quas
762 1838 1150 1913 proponeret,
1224 1829 1514 1894 delectum
1577 1839 1639 1895 et
1684 1829 2116 1895 tractationem.
2168 1849 2172 1853 ·
2226 1827 2379 1895 Nam
2429 1829 2704 1911 protecto

338 1934 668 2017 Aeschylus
696 1950 824 1998 non
851 1934 1042 2016 magis
1072 1952 1252 2017 quam
1282 1934 1601 2017 quisquam
1629 1932 1724 1996 illa
1744 1942 1949 2010 aetate,
1977 1933 2079 2015 qui
2115 1931 2312 2016 paullo
2358 1951 2543 2016 supra
2571 1931 2703 1995 vul-

337 2046 756 2121 gum-saperet,
783 2046 906 2103 tam
937 2037 1422 2121 superstistiosus
1453 2037 1753 2121 stulteque
1780 2037 2056 2102 credulus
2087 2036 2212 2113 fuit,
2234 2046 2304 2102 ut
2322 2035 2609 2119 quidquid
2630 2036 2705 2101 de

337 2142 589 2208 deorum
620 2142 801 2208 rebus
833 2142 1019 2226 gestis
1047 2150 1315 2207 vetustae
1343 2141 1572 2206 tabulae
1609 2150 1948 2219 narrarent,
1986 2145 2304 2225 propterea
2342 2141 2507 2225 quod
2536 2140 2700 2237 anti·

337 2246 539 2330 quitus
593 2247 879 2312 traditum
934 2255 1063 2310 erat
1087 2255 1150 2310 et
1203 2245 1551 2311 credebatur
1602 2248 1860 2312 fortasse
1888 2245 1962 2310 ab
1993 2245 2269 2323 aniculis,
2314 2244 2428 2310 sibi
2460 2263 2702 2329 quoque

337 2351 701 2415 credmdum
740 2359 800 2414 et
835 2370 948 2435 pro
989 2369 1129 2415 vero
1161 2350 1499 2415 habendum
1530 2369 1667 2415 esse
1695 2358 2009 2427 statueret3
2045 2350 2303 2435 plurima
2330 2350 2489 2415 haud
2510 2349 2702 2415 dubie

335 2457 490 2532 licta,
532 2457 706 2539 plane
735 2467 966 2521 certum
997 2465 1058 2521 et
1085 2456 1482 2522 indubitatum
1513 2458 1771 2522 fortasse
1807 2455 1957 2520 nihil
1994 2475 2130 2520 esse
2172 2454 2489 2520 iudicabat.
2564 2455 2698 2520 -Sed

336 2567 405 2623 ut
452 2561 715 2643 tragicus
768 2569 943 2643 poeta
993 2560 1136 2624 alias
1177 2578 1251 2623 ex
1301 2560 1396 2623 his
1447 2560 1692 2636 fabulis,
1755 2579 1901 2644 quas
1940 2578 2056 2624 nec
2098 2559 2350 2624 deorum
2386 2559 2700 2624 *maiestate

335 2663 612 2745 indignas
664 2673 725 2728 et
773 2663 1001 2747 populo
1045 2663 1220 2751 utiles
1273 2673 1376 2729 aut
1419 2683 1556 2728 esse
1608 2672 1710 2729 aut
1757 2665 2110 2729 uectatione
2162 2682 2271 2727 sua
2320 2662 2478 2727 effici
2515 2681 2700 2745 posse

339 2768 728 2843 existimaret,
785 2766 1137 2842 asciscebat,
1193 2767 1333 2831 alias
1387 2775 1586 2832 autem
1639 2768 1981 2851 spernebat,
2032 2785 2255 2850 easque
2304 2774 2408 2830 aut
2459 2766 2696 2832 silentio

337 2871 837 2955 praetermittebat
865 2879 967 2935 aut
994 2870 1171 2935 etiam
1203 2872 1420 2954 apertis
1449 2872 1646 2936 verbis
1676 2872 2000 2948 reiiciebat3
2040 2871 2102 2936 in
2135 2888 2254 2954 quo
2301 2869 2530 2934 delectu
2567 2870 2697 2935 dis·

335 2977 554 3040 sentire
582 2976 838 3040 fortasse
866 2975 1079 3057 aliquis
1108 2994 1140 3039 a
1172 2976 1394 3040 summi
1424 2975 1534 3039 viri
1563 2975 1781 3040 iudicio
1810 2976 2021 3060 possit,
2050 2975 2243 3058 ipsam
2273 2982 2471 3039 autem
2514 2994 2695 3058 quam

335 3079 524 3144 tenuit
562 3079 859 3144 rationem
900 3097 1224 3162 agnoscere
1263 3079 1550 3145 debemus
1589 3080 1767 3145 talem
1819 3098 1986 3155 esse,
2041 3098 2190 3163 quae
2218 3079 2294 3142 ad
2343 3077 2694 3162 religionem

335 3183 536 3248 omnia
565 3189 626 3246 et
655 3184 929 3265 pietatem
959 3182 1131 3246 unice
1159 3183 1401 3260 reserat,
1429 3183 1696 3268 nihilqoe
1724 3183 1996 3249 admittat
2032 3181 2450 3248 variandorum
2489 3192 2552 3248 et
2586 3199 2695 3251 or-

334 3288 675 3352 nandorum
723 3287 1052 3351 carminum
1093 3306 1303 3363 causa,
1344 3287 1521 3370 quod,
1543 3287 1622 3351 ab
1662 3286 1776 3351 illis
1815 3288 2148 3351 seiunctum
2186 3305 2329 3351 esse
2356 3296 2417 3352 et
2444 3287 2695 3354 deorum

335 3391 493 3474 apud
543 3390 822 3454 nomines
875 3391 1244 3456 venerationi
1297 3391 1538 3466 officere
1599 3410 1782 3474 posse
1843 3392 2130 3456 videatur.
2217 3391 2423 3473 Itaque
2471 3391 2693 3469 Iovem,

335 3503 670 3560 ceterorum
713 3493 969 3559 deorum
1022 3494 1198 3577 longe
1232 3485 1844 3578 praestantissimum,
1882 3497 2061 3561 etiam
2096 3496 2203 3561 ubi
2239 3495 2486 3561 traditam
2510 3496 2590 3561 de
2606 3516 2693 3562 eo

334 3599 563 3664 fabulas
592 3616 719 3663 non
752 3599 1004 3681 spernit,
1040 3615 1170 3663 non
1207 3608 1408 3663 tamen
1437 3585 1756 3683 propterea
1783 3599 1932 3664 nihil
1963 3599 2263 3665 diversum
2301 3600 2593 3684 proponit
2617 3600 2693 3665 ab

332 3702 452 3769 isto
469 3701 763 3776 fabuloso,
784 3720 962 3785 quem
994 3703 1386 3784 sapientiores
1416 3703 1645 3769 dudum
1669 3691 1953 3789 spernere
1971 3714 2305 3789 coeperant,
2333 3712 2546 3789 utpote
2567 3706 2694 3771 sola

334 3805 598 3892 potentia
637 3813 697 3869 et
733 3805 1201 3883 immortalitate,
1243 3825 1370 3871 non
1408 3827 1548 3872 vero
1589 3808 1879 3892 sapientia
1920 3816 1980 3873 et
2015 3796 2230 3878 virtute
2259 3808 2525 3892 quolibet
2562 3829 2694 3875 me·

333 3910 522 3975 diocri
573 3910 821 3974 homine
871 3910 1351 3992 praecellentem:
1404 3931 1530 3975 non
1582 3913 1774 3995 magis
1824 3921 2026 3990 autem
2052 3917 2057 3924 '
2079 3912 2596 3978 absolutissimum
2630 3921 2696 3980 et

331 4013 830 4100 perfectissimum
872 4030 1123 4089 numen,
1166 4016 1396 4099 qualem
1438 4036 1747 4081 summum
1786 4026 1846 4081 et
1884 4036 2073 4081 unum
2103 4035 2311 4081 verum
2350 4017 2531 4081 deum
2559 4037 2695 4082 esse

332 4119 550 4183 debere
587 4116 934 4201 philosophi
967 4116 1411 4196 intellexerunt,
1450 4120 1558 4184 sed
1588 4120 1775 4204 quasi⁸
1798 4121 2051 4185 mixtum
2083 4129 2339 4203 utroque
2366 4128 2429 4185 et
2455 4130 2689 4205 tempe-

329 4230 555 4299 ratum,
597 4240 806 4305 quem,
856 4240 1044 4305 quum
1075 4223 1149 4286 ab
1186 4224 1486 4290 humanae
1522 4231 1772 4290 naturae
1800 4224 2186 4299 similitudine
2214 4243 2343 4289 non
2371 4225 2554 4291 nimis
2582 4227 2692 4292 ab·
