3102 4866
466 1350 591 1520 n‘n
641 1425 1218 1524 ARISTOTELIS
1267 1348 1676 1524 omnm
1724 1362 2210 1523 omum
2253 1427 2729 1581 EPIooRUM.

359 1746 391 1799 3
530 1780 539 1793 ,
601 1717 782 1810 Quod
805 1731 949 1796 olim
975 1732 1044 1797 12.
1067 1734 1136 1798 Δ.
1158 1733 1411 1798 Woffius
1440 1733 1866 1819 pronuntiavit,
1893 1733 2128 1817 Proleg,
2158 1735 2231 1800 ad
2252 1733 2432 1798 Hom.
2461 1754 2524 1817 p.
2555 1731 2778 1807 CXXV,

418 1855 558 1902 sero
579 1833 841 1901 Graecos
868 1835 1227 1901 didicissem
1246 1838 1418 1920 poesi
1437 1847 1629 1903 totum
1654 1857 1905 1921 ponere,
1932 1838 2056 1903 hoc
2073 1839 2277 1903 minus
2294 1847 2455 1902 recte
2474 1856 2510 1902 a
2533 1855 2776 1902 summo

417 1940 625 2005 αἰκία)
652 1940 975 2005 iudi-tum
1002 1958 1137 2005 esse
1164 1940 1345 2005 hodie
1373 1943 1612 2025 quidem
1643 1942 1802 2026 apud
1831 1943 2164 2026 permultos
2192 1942 2601 2008 satis-videtur
2625 1958 2777 2005 con-

418 2054 601 2110 stare.
645 2044 915 2129 Namque
941 2044 1284 2110 Dissenium
1313 2046 1517 2130 potius
1544 2047 1909 2112 audiendum
1936 2064 2072 2110 esse
2101 2057 2369 2123 censent,
2397 2046 2518 2130 qui,
2542 2045 2775 2126 Proleg.

394 2148 2778 2234 ‘adPind.p.LXXXIX,nihilGraeoosmagisaprincipioinartiumoperi-
2886 2177 2902 2185 ·

416 2253 535 2320 hus
560 2263 622 2320 et
646 2253 886 2338 scriptis
914 2262 1207 2338 sequutos
1233 2273 1373 2318 esse
1397 2255 1671 2331 affirmat,
1699 2275 1879 2339 quam
1905 2254 2046 2319 illud
2077 2255 2302 2337 ipsum,
2331 2254 2492 2337 quod
2520 2253 2777 2317 wolfius

417 2379 528 2425 eoo
566 2378 704 2424 sero
743 2356 1025 2422 didicisse
1056 2357 1266 2431 voluit,
1304 2374 1419 2421 nec
1443 2357 1628 2422 uliam
1657 2368 1892 2443 gentem
1922 2360 2136 2433 misse,
2163 2378 2318 2444 quae
2342 2357 2778 2441 ingeniosiores

419 2462 834 2548 excogitaverit
861 2462 1356 2545 compositiones.
1414 2462 1568 2537 Quis
1594 2471 1791 2527 autem
1819 2464 2072 2548 ignorat,
2102 2472 2324 2548 quanto
2353 2463 2554 2528 studio
2585 2480 2779 2545 quan-

415 2577 601 2652 taque
632 2566 1015 2633 contentione
1050 2565 1227 2630 etiam
1257 2565 1551 2640 Homero,
1593 2575 1904 2649 poetarum
1944 2566 2392 2650 antiquissimo,
2429 2567 2585 2633 hane
2611 2566 2776 2649 inge-

415 2672 628 2737 niosae
660 2670 1121 2755 compositionis
1149 2658 1391 2734 taudem'
1413 2671 1777 2734 recentiores
1809 2671 1996 2737 critici
2022 2669 2488 2736 vindicaverint?
2548 2671 2777 2747 Quam-

418 2795 601 2860 qm
637 2773 995 2840 neWolflus
1032 2773 1274 2856 quidem
1311 2772 1386 2838 ab
1433 2773 1615 2839 iliade
1652 2784 1712 2838 et
1747 2774 2037 2858 Odyssea,
2086 2776 2294 2858 quales
2341 2774 2524 2840 hodie
2561 2783 2777 2850 extant,

416 2879 678 2945 sollertis
706 2886 1039 2943 structurae
1064 2877 1301 2942 laudem
1333 2876 1707 2942 abiudicavit:
1745 2897 1870 2943 non
1902 2888 2102 2944 tamen
2140 2879 2322 2944 veteri
2349 2878 2615 2943 Homero
2643 2896 2776 2942 eom

415 2983 794 3049 tribuendam
823 3000 957 3045 esse
986 2980 1235 3056 censuit,
1266 2981 1373 3064 sed
1400 2982 1723 3066 posterion’
1762 2983 1994 3048 cuidam
2025 3001 2168 3047 aevo
2209 2983 2482 3066 politiori
2513 2982 2775 3047 artibus—

416 3107 534 3171 que
572 3085 1039 3162 abundantiori,
1060 3104 1248 3169 quum
1293 3085 1771 3151 animadversum
1810 3095 1996 3165 esset,
2033 3106 2183 3170 quae
2223 3087 2367 3151 olim
2403 3104 2679 3152 seorsum
2719 3095 2780 3149 et

413 3191 577 3257 nulla
604 3191 975 3274 spectatione
993 3190 1303 3256 universae
1330 3191 1559 3256 formae
1581 3200 1810 3255 cantata
1840 3200 2059 3266 essent,
2091 3210 2159 3255 ea
2187 3191 2394 3274 paucis
2423 3189 2774 3264 recidendis,

412 3295 731 3372 addendis,
792 3295 1093 3360 mutandis
1145 3295 1219 3359 ad
1279 3295 1729 3378 perpetuitatem
1781 3294 1961 3359 unius
2013 3295 2213 3378 magni
2264 3294 2536 3377 corporis
2587 3293 2776 3376 redigi

417 3419 618 3484 posse.
706 3399 937 3482 Proleg.
968 3419 1030 3482 p.
1063 3398 1263 3463 cxxl.
1320 3398 1444 3482 Ipsi
1482 3407 1680 3465 autem
1718 3418 1863 3464 aevo
1895 3399 2210 3464 Homerico
2240 3418 2318 3464 ue
2345 3398 2490 3464 illud
2521 3417 2776 3481 compo·
2868 3473 2876 3482 ,

416 3503 653 3568 sitionis
682 3503 998 3568 artificium
1028 3502 1389 3567 adscriberet
1417 3522 1602 3586 quum
1631 3502 1760 3568 aliis
1785 3502 2141 3586 quibusdam
2169 3503 2501 3569 rationibus
2528 3521 2775 3586 permo-

415 3617 512 3672 tus
540 3616 662 3683 est,
705 3615 833 3671 tum
873 3607 1226 3692 cyclicorum
1267 3615 1584 3690 poetarum
1624 3615 2106 3692 ceterorumque,
2147 3606 2247 3691 qui
2284 3607 2549 3673 Homero
2592 3615 2777 3671 aetate

414 3711 671 3795 proximi
703 3713 959 3788 fuerunt,
990 3711 1456 3794 comparatione.
1546 3711 1937 3787 „Etenim“
1964 3711 2158 3794 inquit
2185 3732 2245 3795 p.
2278 3710 2508 3777 CXXVI
2537 3711 2777 3794 „legat
2821 3721 2829 3730 ·

411 3816 630 3881 nobis
671 3815 942 3898 aliquis
969 3815 1333 3899 epitomas
1364 3815 1527 3880 illas
1557 3815 1981 3898 Cypriorum
2020 3823 2088 3880 et
2125 3816 2433 3882 aliorum
2465 3814 2776 3899 quinque

414 3920 810 3986 carminum
860 3937 1092 4003 nuper
1142 3920 1400 3996 editas,
1452 3927 1522 3982 et
1573 3918 2019 4003 experiatur,
2071 3937 2159 3984 an
2205 3919 2278 3983 in
2330 3920 2480 3985 ullo
2524 3936 2773 3983 eorum

413 4025 842 4108 primarium
871 4025 1188 4100 heroem,
1231 4032 1353 4112 aut
1377 4023 1795 4108 primariam
1826 4022 2212 4101 actionem,
2244 4033 2363 4089 aut
2390 4024 2775 4106 repetitam

346 4141 380 4193 4
415 4148 498 4194 ex
542 4129 811 4194 mediis
855 4129 1071 4194 rebus
1126 4127 1657 4204 narrationem,
1713 4126 1952 4209 qualis
1997 4126 2071 4193 in
2113 4128 2433 4212 Odyssea
2474 4135 2612 4204 est,
2654 4147 2774 4191 re—

413 4233 671 4317 periat.
783 4233 1147 4298 Percense
1196 4233 1366 4297 item
1417 4233 1694 4316 reliqua
1743 4231 1948 4296 illius
2000 4233 2152 4297 aevi
2204 4234 2403 4317 epica
2456 4230 2774 4296 carmina

413 4335 996 4402 sive'carminum
1026 4345 1475 4419 argumenta,
1516 4335 1979 4420 genealogias
2020 4334 2318 4402 deorum
2350 4343 2420 4400 et
2456 4335 2775 4412 heroum,
2825 4369 2854 4381 -
