3102 4866
538 1351 543 1354 ·
655 1365 781 1461 DE
840 1362 1231 1464 vocfflus
1291 1359 1665 1463 mm
1725 1287 2128 1462 mous
2265 1502 2280 1514 ι

395 1645 763 1731 Per-lustrare
796 1682 991 1749 nuper
1027 1664 1339 1750 coepimus
1377 1664 1572 1732 Oscae
1606 1656 1842 1750 linguae
1877 1670 2270 1729 monumenta
2305 1680 2342 1727 a
2378 1661 2448 1728 G.
2486 1661 2555 1729 F.
2603 1679 2635 1734 3

202 1768 587 1835 Grotefeudio
624 1766 692 1833 V.
731 1767 794 1834 C.
847 1769 1079 1835 duabus
1118 1769 1332 1835 tabulis
1384 1770 1684 1855 descripta
1730 1767 2065 1851 additisque
2112 1767 2560 1834 commentariis

200 1874 418 1957 partim
447 1872 762 1951 illustrata,
792 1874 1039 1958 partim,
1066 1882 1136 1939 ut
1170 1874 1348 1939 nobis
1379 1873 1620 1959 quidem
1649 1874 1903 1951 videtur,
1931 1872 2107 1938 etiam
2137 1870 2486 1937 obscurat-¹
2500 1873 2559 1952 >z

198 1997 460 2062 quorum
491 1978 916 2062 contemplatio
949 1996 1133 2061 quum
1162 1979 1355 2063 magis
1395 1998 1575 2063 quam
1612 1981 1743 2045 fore
1778 1987 2198 2062 putaveramus
2237 1994 2312 2041 ac
2337 1974 2560 2041 diutius

196 2102 315 2148 nos
343 2083 619 2161 tenuerit,
649 2080 959 2166 simusque
985 2100 1149 2148 nunc
1174 2085 1649 2166 quummaxime
1675 2084 1740 2148 in
1767 2082 1842 2148 iis
1865 2080 2060 2159 defixi,
2089 2079 2352 2146 indidem
2379 2079 2560 2145 etiam

196 2187 378 2253 buius
407 2185 755 2271 scriptionis
795 2195 1215 2269 argumentum
1253 2206 1491 2253 sumere
1526 2188 1749 2271 placet,
1787 2204 1915 2252 non
1952 2205 2073 2270 quo
2114 2185 2235 2250 iam
2261 2201 2427 2249 nunc
2451 2182 2560 2250 ali·

199 2292 368 2376 quid,
405 2290 567 2376 quod
607 2291 1123 2376 operaepretium
1165 2290 1272 2369 sit,
1312 2292 1507 2359 effen-i
1545 2313 1582 2357 a
1617 2291 1795 2357 nobis
1835 2310 2020 2376 posse
2060 2289 2402 2367 credamus,
2451 2289 2561 2355 sed

199 2396 335 2480 quia
365 2395 525 2480 piget
551 2394 672 2460 boc
699 2403 990 2479 tempore,
1019 2394 1309 2480 depositis
1325 2415 1476 2482 quae
1504 2396 1867 2464 inmanibus
1884 2403 2043 2474 sunt,
2070 2393 2242 2462 aliam
2262 2392 2561 2459 scribendi

198 2500 508 2565 materiam
542 2498 1023 2583 circumspicere.
1083 2500 1320 2578 Quodsi
1349 2504 1446 2568 cui
1473 2502 1627 2568 haec
1650 2501 1872 2569 leviora
1900 2500 2277 2578 videbuntur,
2303 2492 2434 2563 non
2461 2498 2578 2595 in·¹

85 2624 93 2637 ⁴
197 2604 580 2669 tercedemus
611 2604 913 2688 profect03
948 2605 1058 2670 sed
1097 2607 1329 2673 facilem
1368 2615 1568 2672 tamen
1609 2618 1669 2671 et
1705 2600 1972 2691 paratam
2009 2604 2191 2669 nobis
2219 2603 2560 2670 excusatio·

195 2728 343 2781 nem,
378 2712 510 2776 fore
548 2730 862 2795 speramus
902 2711 975 2777 ab
1013 2711 1147 2795 ipso
1187 2712 1410 2777 borum
1437 2711 1778 2777 libellorum
1817 2695 2295 2775 academicorum
2321 2727 2556 2792 genere.

196 2814 411 2899 quibus
451 2823 597 2899 post
632 2816 959 2882 exantlatos
997 2826 1320 2883 semestres
1359 2816 1594 2882 labores
1633 2814 1934 2910 relaxandi
1962 2823 2023 2880 et
2048 2814 2347 2881 reficiendi
2377 2813 2560 2879 animi

197 2938 378 2985 causa
405 2939 565 2985 novo
606 2920 878 2986 laborum
919 2920 1213 2987 cturicfflo
1252 2919 1612 3005 proluditur.
1671 2920 1758 2983 Ac
1797 2937 1874 2983 ue
1901 2936 2158 3002 prorsus
2187 2916 2387 2985 tamen
2412 2919 2561 2985 haec

191 3034 404 3089 nostra
442 3024 711 3108 prolusio
753 3025 829 3091 ab
871 3046 1084 3092 eorum
1124 3043 1384 3111 quorum
1424 3022 1674 3089 nomine
1721 3023 1918 3088 editur
1961 3021 2241 3107 personis
2290 3022 2555 3090 abludat:

30 3092 37 3099 ο
123 3140 127 3145 ’
193 3127 349 3193 sicut
378 3146 686 3194 summum
715 3130 1114 3195 universitatis
1143 3138 1388 3194 nostrae
1417 3128 1831 3210 magistratum
1859 3127 1971 3193 bae
1992 3127 2242 3212 paginae
2261 3128 2559 3212 praescri·

191 3241 367 3315 ptum
405 3230 656 3309 babent,
694 3232 775 3297 ita
812 3250 930 3298 nos
968 3251 1131 3298 nunc
1170 3232 1244 3297 de
1281 3251 1523 3298 summo
1555 3231 1849 3297 oscarum
1879 3231 2332 3298 universitatum
2362 3232 2558 3315 magi-

194 3342 391 3400 stratu
408 3334 585 3400 verba
607 3337 814 3428 factm-i
834 3356 1063 3403 sumus.
1085 3372 1162 3386 -
1188 3336 1334 3424 Erat
1361 3338 1418 3402 is
1440 3336 1688 3402 madeo
1716 3340 1946 3415 naim,
1975 3336 2139 3421 quod
2167 3355 2412 3415 nomen,
2437 3337 2556 3403 du·

190 3438 337 3504 dum
366 3439 513 3504 Livii
553 3448 614 3506 et
639 3441 801 3507 Festi
830 3441 1188 3508 testimoniis
1218 3450 1463 3518 notum,
1503 3440 1817 3524 aliquoties
1847 3442 1911 3506 in
1940 3440 2115 3507 Oscis
2144 3440 2556 3526 inscriptioni·

189 3542 304 3614 bus
344 3542 630 3626 legimus,
668 3563 1030 3629 quamquam
1068 3565 1197 3612 non
1226 3547 1442 3612 eodem
1469 3545 1691 3630 ubique
1719 3544 1905 3610 modo
1937 3546 2248 3630 scriptum.
2307 3546 2462 3612 Nam
2489 3547 2556 3613 in

191 3645 485 3712 Veliterua
512 3648 768 3733 quadam
799 3649 1189 3735 inscriptione
1206 3655 1268 3732 2)
1305 3649 1514 3716 Meda
1543 3659 1668 3730 est,
1699 3651 1874 3735 plane
1900 3658 1971 3717 nt
1998 3651 2157 3745 apud
2185 3649 2416 3717 Livium
2445 3671 2554 3718 co·

190 3749 353 3815 dices
391 3750 671 3817 meliores
708 3752 1037 3836 babent⁸):
1081 3754 1144 3819 in
1182 3753 1384 3820 tabula
1411 3754 1665 3819 Bantina
1693 3773 1937 3839 semper
1964 3752 2197 3820 Meda&
2232 3754 2471 3839 legitur,
2523 3777 2554 3822 s

332 4015 382 4081 1)
416 4013 724 4069 Rudimenta
744 4015 950 4082 liuguae
974 4015 1140 4070 Oscae
1163 4031 1233 4070 ex
1256 4013 1676 4086 inscriptionibus
1699 4014 1922 4083 antiquis
1945 4013 2183 4068 enodata.
2229 4013 2347 4069 Ser.
2369 4013 2462 4070 Dr.
2488 4014 2553 4070 G.

185 4101 249 4158 1²¹.
275 4100 579 4157 Grotefend.
626 4100 858 4156 Hmov.
880 4100 1359 4157 uncccxxxlx.
1382 4102 1436 4156 4.

327 4189 382 4257 2)
419 4188 562 4242 Hunc
596 4204 626 4242 e
659 4187 843 4243 Huseo
877 4190 1127 4257 Bor-siano
1160 4189 1385 4244 [aazias
1420 4189 1472 4242 in
1501 4184 1709 4257 Saga-io
1742 4186 1802 4241 di
1820 4187 2342 4258 ΕκμαΕθ-υωῐῐ,
2367 4206 2421 4261 p.
2446 4191 2550 4246 616

186 4275 483 4346 publicavit,
508 4274 809 4330 Grotefond.
832 4276 1042 4346 repetiit
1063 4277 1116 4329 in
1139 4275 1339 4330 andin.
1363 4276 1524 4342 liugn.
1549 4273 1819 4330 Umbriae
1841 4282 1975 4344 purt-
2001 4273 2022 4328 1
2045 4291 2098 4345 p.
2117 4274 2210 4329 22.

330 4360 382 4428 ³)
416 4361 531 4415 Lib.
556 4359 752 4430 XXIII,
779 4360 863 4430 35,
892 4361 973 4416 13.
1020 4359 1218 4431 XXIV,
1246 4362 1329 4430 19,
1353 4361 1405 4415 2.
1450 4358 1652 4430 xxw,
1678 4360 1729 4431 6,
1757 4360 1840 4414 1³.
1889 4360 2193 4416 Deteriores
2215 4363 2334 4419 libri
2351 4364 2551 4447 Ποᾲο-
2686 4360 2695 4368 ’
