3102 4866
229 360 236 371 .
271 386 288 393 ,
324 291 356 343 t
1455 302 1578 369 1⁰5

331 482 461 566 ’.ιιι
487 517 705 565 mus
729 497 1228 580 chrhtinnamque
1250 493 1625 578 disciplima
1654 493 1944 559 adhibens
1970 494 2107 560 ιιι-ω
2126 494 2497 581 vituperasse
2522 496 2695 563 eaeor

330 596 503 691 ῥῶ,
546 604 713 688 quod
756 623 904 689 quas
949 612 1108 668 artes
1149 598 1494 667 hominibus
1537 598 1994 682 impertivisset,
2036 619 2142 665 eae
2184 619 2401 666 omnes
2442 619 2572 667 non
2611 602 2690 667 ad

331 720 578 774 merum
615 708 974 793 probitatem
1011 717 1186 791 atque
1223 704 1408 771 animi
1448 703 1750 777 virtutem,
1789 702 1895 768 sed
1936 704 2011 768 ad
2040 704 2190 771 vitae
2215 707 2603 772 necessitates
2626 713 2692 772 α
2728 718 2787 773 11

331 813 793 879 Ommoditates
831 820 1199 897 spectarent,
1239 812 1322 875 ita
1359 819 1427 874 ut
1453 809 1753 873 homines
1775 807 1851 872 ad
1883 808 2082 872 solum
2118 809 2386 888 utilitatis
2424 811 2691 878 studium

323 908 743 984 fflrmaverit
759 936 952 1001 eoque
970 934 1100 981 non
1121 915 1196 981 de
1215 914 1480 980 bonitate
1505 912 1658 978 vitae
1686 911 2013 995 cogitantes
2032 912 2335 996 pellexerit
2361 915 2436 981 ad
2456 915 2695 993 vitium3

120 1081 133 1093 ,
333 1023 559 1106 inquo
600 1022 816 1106 simp.
856 1021 943 1084 54
980 1009 2693 1103 usqueeoprogoessus,ut1>rometheumvel‘diaholo

313 1118 809 1227 ἑοοηιιίριιηιοω.
839 1123 1056 1208 quibus
1084 1124 1287 1189 relatis
1316 1123 1617 1188 exclamat
1628 1119 2145 1205 indignabundus:-

167 1240 177 1248 ·
374 1240 422 1273 ⁵³
683 1225 935 1317 τλῆμον
974 1223 1370 1316 Προμηθεῦ,
1414 1223 1537 1293 τοῦ
1581 1219 1772 1314 δίκην
1814 1218 2106 1308 πάσχεις
2140 1218 2340 1306 τάδε,

333 1333 469 1399 Iure
510 1332 803 1416 indignari
849 1333 1042 1398 virum
1098 1332 1395 1416 optimum
1435 1332 1681 1407 fatu-w,
1735 1330 1790 1395 si
1830 1330 2114 1394 dixissem
2162 1348 2276 1412 ego
2314 1331 2432 1396 ista
2469 1333 2692 1412 omnia,

333 1446 396 1502 et
431 1438 516 1502 ita
555 1438 868 1516 dixissem,
919 1447 987 1502 ut
1022 1436 1098 1502 ab
1149 1435 1246 1501 illo
1285 1435 1679 1514 relatasunt,
1730 1452 1926 1518 neque
1962 1434 2327 1502 addidissem
2361 1435 2542 1502 etiam
2578 1437 2694 1504 alia

333 1542 625 1626 quaedam
639 1590 656 1620 ,
709 1561 862 1625 quae
912 1540 1009 1606 ille
1042 1550 1149 1606 aut
1183 1559 1310 1605 non
1345 1539 1787 1616 animadvertit,
1838 1547 1941 1603 aut
1985 1557 2341 1624 quacunque
2390 1541 2467 1605 de
2512 1560 2693 1608 causa

332 1647 558 1711 referre
593 1646 814 1722 noluit,
863 1647 1132 1729 quamvis
1175 1664 1541 1730 magnopere
1578 1644 1651 1708 ad
1689 1662 1820 1708 rem
1859 1643 2232 1728 pertinentia.
2326 1644 2479 1710 Nam
2529 1646 2692 1731 quod

249 1798 252 1801 Α
333 1771 397 1835 p.
430 1750 705 1816 50—52
740 1749 816 1814 de
844 1750 1068 1814 artibus
1099 1749 1217 1814 dixi
1258 1768 1383 1813 non
1414 1749 1486 1814 ad
1518 1748 1878 1833 probitatem
1906 1767 1976 1812 ac
2004 1749 2308 1826 virtutem,
2345 1748 2450 1813 sed
2478 1749 2554 1815 ad
2582 1768 2694 1816 ne·

297 1937 311 1948 ·
336 1854 641 1919 cessitates
668 1860 900 1918 tantum
931 1855 1505 1937 commoditatesque
1531 1853 1685 1917 vitae
1723 1852 2157 1936 spectantibus,
2196 1871 2323 1917 non
2363 1872 2507 1919 sane
2534 1854 2693 1919 vitu·

332 1959 584 2043 pes-andi
622 1977 799 2024 causa
849 1958 997 2035 dixi,
1050 1958 1157 2022 sed
1206 1966 1275 2022 ut
1319 1958 1606 2023 beneficia
1644 1956 1985 2022 Promethei
2033 1975 2104 2020 ex
2139 1975 2282 2021 mo
2327 1957 2693 2023 aestimanda

333 2081 531 2147 neque
564 2064 762 2129 maius
809 2081 987 2148 quam
1026 2081 1136 2146 par
1180 2071 1341 2147 esset
1385 2062 1641 2146 pretium
1679 2061 1755 2126 iis
1794 2061 2172 2126 stamendum
2222 2079 2359 2125 esse
2396 2061 2692 2154 docerem.

333 2167 504 2233 Hanc
551 2167 633 2232 ob
684 2186 925 2233 causam
976 2184 1102 2231 non
1141 2142 1412 2231 sufficere
1455 2166 1605 2229 haec
1650 2163 1851 2228 omnia
1898 2164 1972 2228 ad
2022 2181 2224 2228 veram
2250 2162 2692 2230 humanitatem

331 2271 570 2349 monui,
609 2271 718 2335 sed
745 2270 969 2354 requiri
1004 2271 1200 2334 maius
1232 2269 1515 2352 quiddam
1545 2279 1723 2352 atque
1751 2267 2035 2344 divinius,
2074 2267 2237 2352 quod
2264 2285 2399 2333 non
2422 2268 2696 2353 imperti·

302 2375 481 2441 *verit
506 2374 854 2442 hominibus
881 2375 1281 2441 Prometheus
1320 2392 1515 2458 neque
1541 2373 1808 2457 potuerit
1835 2371 2171 2496 impertire,
2201 2372 2483 2456 quoniam
2510 2374 2693 2440 huius

277 2481 714 2564 dispensator
740 2499 898 2546 unus
927 2481 1006 2544 sit
1032 2481 1106 2556 is,
1139 2478 1240 2563 qui
1271 2468 1745 2565 ἀριστοτέχνας
1773 2472 2020 2564 πατὴρ,
2062 2470 2469 2564 δαμιουργὸς
2498 2471 2697 2559 δίκας

330 2604 406 2650 τε
446 2579 567 2649 καὶ
609 2574 924 2666 εὐνομίας
948 2583 1413 2665 est⁹)1upitoe
1448 2591 1508 2645 et
1548 2581 1654 2664 qui
1680 2581 1837 2645 lovis
1879 2580 2139 2644 ministri
2167 2599 2238 2645 ac
2274 2583 2427 2648 socii
2458 2591 2605 2648 sunt
2631 2584 2693 2648 in

325 2688 445 2753 vita
471 2687 787 2753 homiuum
809 2687 1030 2751 menda
1057 2684 1417 2768 aregunde.
1478 2683 1814 2767 vituperavi
1843 2692 2042 2748 autem
2072 2704 2131 2768 p.
2157 2684 2241 2749 49
2264 2685 2694 2753 Prometheum
2736 2710 2741 2714 ·

328 2800 666 2876 propterea,
697 2792 859 2874 quod
890 2791 1246 2876 opposuerit
1275 2810 1342 2853 se
1370 2788 1494 2853 Iovi
1524 2789 1590 2853 in
1610 2788 1855 2852 humani
1887 2790 2121 2870 generis
2150 2807 2290 2853 cura
2320 2798 2381 2878 et
2407 2800 2693 2874 tanquam

331 2895 708 2972 educatione,
739 2896 909 2960 mins
940 2895 1125 2959 rectio
1158 2905 1218 2958 et
1245 2893 1580 2958 moderatio
1620 2911 1805 2976 penes
1846 2892 2232 2958 hunc.unum
2263 2913 2398 2959 esse
2425 2894 2694 2961 deberet:

280 2990 286 2996 ³
328 2999 685 3085 vitupmvi,
736 2999 899 3083 qnod
949 2999 1082 3082 ipse
1133 3007 1342 3063 contra
1386 2997 1541 3061 lovis
1595 2997 1911 3080 imperium
1958 3017 2072 3062 suo
2115 3000 2302 3064 modo
2346 2999 2692 3065 bominibus

331 3101 645 3168 consula-e
683 3113 935 3168 conatus
976 3103 1082 3178 sit,
1134 3101 1355 3167 scilicet
1403 3100 1832 3185 sapientiorem
1884 3121 1951 3165 se
1989 3101 2131 3165 Iove
2173 3112 2234 3167 et
2281 3102 2593 3168 meliorem
2628 3109 2695 3169 et

330 3206 646 3272 hominum
674 3206 1071 3271 amantiorem
1100 3224 1235 3270 esse
1262 3218 1458 3281 ratus,
1496 3206 1779 3289 quodque
1806 3206 2135 3289 perstiterit
2173 3208 2235 3271 in
2272 3208 2402 3272 hoc
2418 3207 2691 3284 consilio,

332 3313 602 3394 quamvis
632 3309 995 3386 admonitus,
1020 3328 1263 3374 summa
1292 3328 1430 3374 cum
1459 3309 1859 3392 pertinacia··
1931 3339 1939 3348 ·
2134 3331 2162 3340 ··
2210 3347 2215 3352 ·
2640 3348 2646 3354 -

704 3409 786 3479 τὸ
830 3409 924 3500 μὴ
968 3404 1224 3477 εἰδέναι
1271 3406 1396 3498 γὰρ
1439 3407 1664 3500 μηδὲν
1695 3398 1870 3477 ‹iv‘
1828 3407 2204 3500 vademur

705 3508 1007 3597 ἔκκαυμα
1047 3506 1365 3602 τόλμηςζ
1343 3513 1573 3581 enarer
1613 3508 1767 3598 ἔσχε
1807 3513 1929 3583 καὶ
1968 3512 2292 3602 θράσους.
2368 3533 2375 3548 ‘

269 3648 285 3663 ·
307 3625 594 3706 ‘Appoeet
619 3628 847 3697 autem,
876 3638 996 3703 quo
1026 3619 1230 3684 animo
1260 3638 1402 3702 erga
1436 3620 1637 3685 Iovem
1667 3620 2065 3687 Prometheus
2095 3623 2232 3699 fuit,
2270 3624 2482 3689 eodm
2511 3624 2689 3690 etiam

199 3752 206 3758 ·
328 3725 611 3792 homines
647 3723 723 3789 ab
768 3742 842 3788 eo
879 3723 1187 3789 institutos
1226 3743 1363 3789 esse
1399 3725 1706 3800 debuisse,
1754 3725 1955 3809 itaque
2001 3744 2127 3791 non
2164 3735 2434 3792 amantes
2473 3727 2692 3806 Iovem,

328 3847 458 3894 non
498 3834 851 3892 venerantes
889 3845 1023 3891 cum
1068 3827 1314 3910 pietate,
1364 3838 1432 3893 ut
1469 3830 1829 3913 sapientem,
1875 3831 2128 3908 iustum,
2164 3831 2421 3908 bonum,
2457 3843 2691 3916 patrem

327 3932 584 4016 denique
612 3932 765 3995 vitae
795 3949 1046 3995 suorum
1078 3933 1540 4016 prospicientem
1573 3934 1853 4018 bonaque
1892 3936 2093 3999 omnia
2120 3935 2423 4018 sapienter
2447 3944 2510 4000 et
2535 3937 2692 4002 iuste

328 4037 803 4121 dispensantem,
853 4035 957 4098 sed
1004 4034 1396 4102 abhorrentes
1441 4039 1646 4122 potius
1697 4048 1800 4104 aut
1847 4040 2236 4104 formidantes
2292 4047 2491 4104 metu
2481 4039 2693 4106 servili

325 4151 612 4276 unquam
641 4138 998 4205 malevolum
1027 4139 1323 4224 bonisque
1350 4142 1667 4208 bominum
1696 4144 2080 4220 invidentem,
2108 4144 2278 4208 citius
2312 4144 2691 4226 aspa-itatem

335 4389 342 4400 ·
471 4365 525 4434 s)
563 4365 1094 4435 Pt-d.tr.2op.·571
1134 4365 1357 4420 ιιοωιι.
1467 4361 1474 4384 ²
