3102 4866
1390 313 1516 385 1⁴³

277 518 526 576 cturas
572 510 911 593 proferre
955 509 1392 585 audientem,
1445 507 1521 571 de
1547 506 1732 572 verbo
1775 498 2141 588 ἐξεικάζειν
2182 505 2243 570 in
2272 502 2488 569 eodem
2514 520 2639 587 quo

275 614 572 680 Stanleius
610 634 816 680 errore
844 624 1147 691 versatur,
1175 613 1281 679 sed
1312 611 1661 677 adverbium
1692 601 1973 699 α’ληθῶς
1999 630 2136 677 cum
2166 603 2451 674 κλύοντα
2491 624 2643 671 eon·

277 719 551 785 iunctum
594 720 687 785 sic
722 719 1028 803 accepisse
1065 718 1325 795 videtur,
1366 716 1538 800 quasi
1579 705 1859 803 ἀληθῶς
1898 707 2123 780 κλύειν
2163 713 2323 777 idem
2361 713 2442 776 sit
2466 719 2643 795 atque

279 814 553 911 ἀληθέα
581 816 838 890 κλύειν.
926 822 1061 887 Hoc
1087 823 1347 887 relutare
1383 837 1510 886 non
1540 837 1700 902 opus
1738 829 1854 883 est.
1937 818 2240 882 Diversam
2267 817 2342 881 ab
2371 825 2646 899 utroque,

280 927 388 992 sed
428 944 557 992 non
592 929 903 993 meliorem
941 926 1098 991 viam
1137 925 1547 997 Blomfieldius
1582 923 1740 989 iniit.
1788 941 1933 987 nam
1987 911 2186 987 ουδὲν
2229 914 2647 1009 ἐξῃκασμένα
2702 909 2713 918 ’

280 1029 616 1112 significem
636 1038 806 1115 putat
825 1048 972 1093 non
1000 1028 1211 1094 modo
1240 1028 1380 1094 levi
1410 1027 1899 1093 similitudine
1926 1043 2300 1107 expressa,
2329 1033 2397 1088 ut
2418 1024 2645 1089 subau-
2706 1058 2711 1063 -
2822 1022 2829 1028 ’

280 1132 398 1197 diri
427 1150 674 1198 necesse
702 1133 783 1197 sit
811 1132 933 1197 sed
962 1150 1274 1216 prorsus
1304 1131 1717 1197 assimilata
1746 1138 1962 1212 atque
1990 1145 2327 1209 congrua.
2394 1126 2644 1192 Cuinam

281 1233 506 1319 igitur?
563 1234 796 1319 Nempe
822 1234 1049 1299 veritati
1088 1253 1312 1300 rerum.
1371 1235 1451 1299 Et
1489 1236 1747 1299 fortasse
1774 1236 1932 1299 hanc
1968 1231 2230 1297 veritatis
2262 1230 2646 1314 significatio·

279 1357 422 1403 nem
451 1337 717 1403 invenire
757 1337 870 1403 sibi
898 1338 1062 1402 visus
1105 1340 1200 1402 e'st
1236 1338 1300 1402 in
1328 1337 1607 1402 adverbio
1640 1328 1950 1426 α’ληθῶς,
1981 1337 2153 1420 quasi
2182 1325 2464 1422 α’ληθῶς
2491 1327 2648 1421 egv-

278 1438 578 1525 κασμένα
614 1442 775 1508 idem
813 1442 893 1507 sit
928 1444 1089 1525 quod
1121 1432 1454 1530 ἀληθέσιν
1481 1435 1914 1531 ἐξῃκασμένα.
1985 1440 2143 1517 Quid
2185 1439 2355 1523 plura
2384 1435 2646 1502 addam?
2676 1438 2679 1441 ‘

281 1546 524 1612 Certum
575 1554 670 1611 est
717 1546 1070 1630 Aeschylum
1133 1546 1450 1629 scripsisse
1502 1536 1786 1634 ἀληθῶς
1838 1534 2029 1612 οὖσιν
2082 1536 2528 1632 ἐξῃκασμένα,
2590 1552 2651 1607 et

277 1641 474 1716 οῦδὲν
509 1669 622 1736 pro
663 1636 854 1716 οὖσιν
890 1649 1144 1715 librariis
1186 1650 1408 1716 deberi.
1476 1650 1631 1716 Nam
1672 1641 1955 1739 ἀληθῶς
1993 1641 2156 1716 ὄντα
2193 1656 2337 1714 sunt
2370 1667 2469 1713 res
2509 1666 2650 1735 vere
2718 1640 2723 1644 ’

281 1762 508 1836 gestae,
549 1753 822 1819 vaticinia
865 1762 1063 1818 autem
1108 1752 1295 1817 rebus
1335 1772 1476 1817 vere
1520 1753 1701 1835 gestis
1749 1772 2014 1836 congrua
2044 1772 2292 1836 easque,
2338 1761 2409 1817 ut
2449 1761 2651 1834 gestae

278 1867 470 1932 erant,
503 1858 595 1921 sic
619 1858 955 1934 referentia,
983 1866 1144 1920 recte
1174 1855 1454 1920 dicuntur
1482 1845 1768 1943 α’ληθῶς
1811 1841 2004 1921 οὖσιν
2047 1849 2486 1943 ἐξῃκασμένα.

454 1959 594 2024 Νοιι
622 1959 824 2025 minus
847 1970 1008 2025 certa
1036 1958 1370 2024 emendatio
1401 1968 1495 2022 est
1521 1978 1579 2023 v.
1616 1958 1802 2035 1211,
1834 1958 1938 2023 uhi
1959 1957 2348 2036 Cassandrae,
2377 1948 2648 2023 vaticinia

279 2083 392 2129 sua
421 2083 458 2128 a
496 2064 683 2129 choro
722 2083 850 2129 non
889 2071 1048 2129 recte
1083 2071 1364 2146 percepta
1403 2062 1651 2140 videnti,
1687 2062 1836 2127 haec
1874 2061 2052 2126 verba
2091 2063 2155 2126 in
2195 2062 2502 2127 codicibus
2524 2062 2648 2159 ‘tri-

279 2169 575 2235 buuntur:

660 2280 707 2381 ἦ
735 2284 929 2381 κάρτ’
956 2282 1071 2378 ἄρ’
1109 2282 1201 2356 ἂν
1230 2284 1699 2379 παρεσκόπεις
1729 2288 2043 2381 χρησμῶν
2071 2286 2269 2377 ἐμῶν.

269 2439 454 2522 Piget
495 2440 878 2522 superiorum
917 2437 1231 2503 conamina
1262 2437 1513 2513 reterre,
1565 2454 1825 2519 quorum
1861 2455 2043 2501 nemo
2082 2436 2145 2500 in
2199 2441 2648 2506 constructione

280 2542 448 2608 verbi
478 2542 953 2629 παρασκοπεῖν
988 2560 1128 2606 cum
1167 2540 1425 2623 genitivo
1471 2558 1618 2604 casu
1655 2540 1980 2605 offendisse
2018 2541 2276 2619 videtur,
2317 2543 2452 2609 licet
2489 2544 2650 2608 nulla

282 2646 366 2712 sit
383 2645 572 2710 huius
601 2641 1005 2710 defendendae
1031 2643 1204 2709 ratio.
1264 2643 1433 2707 Unus
1462 2641 1836 2725 Musgravius
1876 2646 2272 2710 accusativum
2302 2646 2526 2730 requiri
2551 2647 2650 2711 in-

280 2749 518 2826 tellexit,
546 2749 984 2834 proposuitque
1013 2737 1059 2836 ἦ
1087 2738 1282 2835 κάρτ’
1321 2745 1532 2828 (voluit
1558 2740 1877 2836 κάρθ’)“
1820 2768 1992 2882 ,ορον
2018 2757 2300 2837 παρεσκ.
2387 2752 2651 2835 Aeschy-

284 2854 380 2920 lus
409 2862 608 2920 autem
640 2854 885 3001 scripsit

660 2966 706 3068 ἦ
717 2973 959 3067 κάρτα
995 2974 1174 3044 νοῦν
1213 2973 1678 3066 menendum
1714 2977 2029 3067 χρησμῶν
2065 2974 2263 3098 ἐμῶν,
2368 3023 2375 3028 ·

281 3126 470 3191 unde.
493 3133 820 3210 postquam
869 3143 1200 3210 καρταναν
1255 3125 1477 3189 factum
1528 3134 1650 3203 est,
1711 3134 2082 3191 correctores
2146 3094 2398 3192 alterum
2457 3118 2541 3192 ὄν
2589 3129 2679 3194 in.

285 3220 390 3314 ἄρ’
417 3237 742 3295 mutarunt.
810 3228 1042 3305 Quodsi
1082 3228 1183 3312 qui
1212 3230 1367 3293 forte
1407 3229 1555 3307 sint,
1596 3229 1697 3313 qui
1726 3224 1879 3295 νοῦν
1908 3249 1962 3293 v.
2004 3239 2315 3296 mentem
2342 3231 2652 3296 vaticinio-

283 3352 424 3398 rum
463 3333 579 3397 sibi
618 3331 863 3416 probari
900 3332 1225 3414 postulent,
1263 3331 1329 3396 hi
1366 3332 1722 3397 Fischerum
1761 3333 2003 3456 adeant,
2045 3333 2120 3397 ad
2149 3333 2455 3422 Aristoph
2494 3335 2652 3400 Plut.

285 3457 342 3502 v.
375 3438 477 3514 55,
506 3436 609 3500 uhi
636 3435 876 3519 legitur:
917 3426 1312 3568 ποθοίμεθ’
1352 3456 1434 3499 αν
1468 3431 1588 3500 τὸν
1612 3432 1909 3524 χρησμὸν
1946 3427 2106 3524 ἧμῖν
2137 3438 2340 3521 (vulgo
2369 3430 2613 3558 ἡμῶν)
2614 3431 2658 3504 ὅ.
2760 3457 2765 3462 ’
2806 3470 2831 3504 ι

283 3560 360 3605 τι
386 3559 780 3708 mannum
793 3641 959 3707 1243
990 3649 1050 3707 et
1084 3641 1250 3706 1244
1273 3588 1589 3708 ordinem
1572 3662 1637 3708 ιιι
1657 3644 1963 3748 codicibus
1985 3643 2291 3710 turbatum
2319 3646 2653 3774 rectissime
2685 3660 2718 3713 6

285 3747 672 3813 Hei-mannus
701 3747 989 3812 restituit.

743 3887 1098 3985 ὀμώμοται
1140 3924 1267 3992 γαρ
1312 3895 1511 3993 ὅρκος
1551 3898 1628 3972 ἐκ
1668 3902 1856 3972 θεῶν
1894 3900 2129 3992 μέγας,

744 3993 843 4083 ξ
848 4025 970 4072 ειν
1010 4030 1114 4074 νιν
1152 4000 1512 4092 ὑπτίασμα
1554 4004 1867 4094 κειμένου
1909 4004 2190 4097 πατρός.

290 4162 397 4227 sed
429 4181 581 4247 quae
608 4163 683 4229 ab
712 4165 928 4229 eodem
961 4136 1371 4251 interpretatio
1401 4167 1718 4253 proposita
1741 4176 1852 4245 est,
1884 4168 2200 4252 Opusc.11.
2225 4191 2287 4255 p.
2308 4170 2416 4251 81,
2445 4169 2659 4239 'vereor

289 4274 360 4330 ut
395 4267 587 4347 teneri
624 4268 853 4351 possit:
903 4288 1233 4355 magnum
1276 4273 1464 4337 enim
1506 4270 1592 4336 ab
1631 4271 1775 4336 diis
1816 4272 2086 4338 dictum
2129 4283 2246 4340 est
2280 4275 2658 4360 iusiurane

295 4369 493 4449 dum,
521 4380 1026 4439 revocaturam
1067 4394 1222 4440 eum
1260 4395 1421 4441 esse
1450 4394 1694 4442 necem
1730 4378 2093 4460 prostrati
2123 4380 2375 4464 patris.
2462 4382 2657 4449 Immo
