3102 4866
1378 316 1523 382 349>

266 510 557 592 scriptum
586 508 684 586 sit,
712 502 833 573 ho'c
859 525 987 573 non
1014 515 1237 575 temere
1264 508 1676 591 spernendum
1715 508 1972 586 videtur,
2001 526 2364 592 quamquam
2385 507 2620 592 iii-hoe..

216 645 231 656 -
265 615 366 699 qui
404 631 568 679 nunc
601 622 723 691 est,
762 613 1084 679 verborum
1112 620 1394 677 contextu
1419 612 1774 679 femininum
1814 614 1956 679 terri
1982 631 2111 679 non
2138 632 2326 698 posse
2351 622 2615 699 apparet.
2651 623 2720 678 13

264 718 463 796 Quam
499 717 659 782 enim
698 716 950 782 ofellius
985 723 1228 799 recepto
1265 715 1555 781 feminino
1591 717 2029 803 brachylogiam
2068 719 2319 785 existere
2354 728 2623 786 autumat

263 822 869 906 praestantissimam,
904 839 1118 886 vereor
1148 825 1219 886 u't
1254 821 1572 906 quisquam
1593 831 1895 907 agnoscat.
1982 823 2384 890 Scribendum
2409 823 2620 891 undo:

262 926 707 1005 Thaumante
744 926 1019 992 dicitur
1051 925 1191 991 Iris
1229 944 1393 991 esse
1429 937 1615 993 nata.
1703 928 2001 1006 Quattuor
2035 929 2197 994 enim
2233 927 2620 1013 litteraeiris

263 1031 422 1098 inter
448 1031 669 1097 dieitou·
693 1040 755 1096 et
780 1050 910 1096 esse
938 1030 1210 1096 excidere
1237 1030 1406 1096 facile
1434 1039 1780 1114 potnerunt.
1869 1072 1878 1078 -

436 1137 579 1221 Cap.
607 1136 760 1214 xxi,
791 1135 913 1202 53.
954 1135 1178 1202 Primi
1214 1142 1389 1214 tres‘,
1426 1136 1548 1220 qui
1574 1135 2041 1221 appellantur
2066 1077 2372 1216 ²Anaces,
2398 1069 2622 1204 Athe.-

262 1241 376 1306 nis
407 1260 487 1305 ex
514 1258 681 1323 rege
707 1239 876 1305 love
902 1238 1416 1322 antiquissimo
1447 1249 1518 1304 et
1544 1239 1991 1336 Proserpina
2017 1241 2188 1306 nati.
2275 1239 2446 1307 Hanc
2480 1259 2623 1307 ver.-

192 1394 201 1401 .
261 1343 480 1409 horum
504 1343 976 1420 collocationem,
1006 1363 1088 1409 ex
1115 1361 1282 1426 rege
1306 1343 1501 1421 love,
1531 1345 1783 1427 praetuli
1809 1344 2100 1428 vulgatae,
2119 1365 2205 1412 ex
2230 1346 2398 1411 lore
2424 1364 2621 1429 rege,

261 1465 389 1512 non
417 1448 590 1513 aliam
618 1447 699 1513 oh
728 1465 990 1523 causam,
1023 1466 1205 1531 quam
1235 1447 1372 1530 quia
1401 1448 1603 1533 plures
1632 1470 1705 1515 ac
1731 1449 2011 1515 meliores
2040 1449 2280 1516 codices
2307 1451 2653 1524 eamofl'er

262 1562 422 1618 runt.
496 1552 673 1630 Quod
713 1552 875 1618 enim
906 1552 1160 1616 Orellius
1197 1552 1527 1617 sententiae
1566 1551 1891 1619 discrimen
1920 1573 2058 1620 esse
2083 1556 2236 1632 vult,
2266 1564 2335 1621 nt
2360 1554 2622 1639 appella-

182 1702 191 1708 ·
262 1657 384 1722 tivo
400 1665 538 1722 ante
553 1657 866 1742 proprium
882 1674 1107 1722 nomen
1124 1655 1327 1740 posito
1343 1647 1743 1741 significetur.
1774 1678 1857 1724 ex
1883 1658 2060 1724 Iove
2087 1659 2623 1744 antiquissimo,

264 1761 465 1826 cuius
493 1761 863 1846 proprium
891 1754 1290 1827 ἐπίθετον
1315 1780 1434 1827 rex
1464 1771 1600 1840 αις
1627 1761 1975 1847 postposito
2004 1771 2204 1828 autem
2244 1763 2622 1858 appellativo:

261 1885 343 1930 ex
369 1864 562 1942 Iove,
591 1866 710 1949 qui
739 1865 1297 1949 antiquissimus
1325 1866 1587 1950 aliquis
1609 1867 1750 1932 ruit
1775 1885 1924 1945 τοις
1952 1866 2013 1932 id
2040 1876 2240 1933 autem
2259 1886 2396 1933 esse
2422 1867 2622 1934 falsis-

263 1969 514 2035 simum:
542 1968 817 2053 equidem
846 1986 1042 2052 neque
1069 1987 1335 2052 agnosco
1364 1970 1486 2035 hoc
1513 1971 1828 2055 utriusque
1850 1972 2258 2037 collocutionis
2279 1972 2622 2050 (Hammon,

262 2084 326 2139 et
348 2062 538 2138 illud
521 2092 740 2157 ipsum,
773 2072 934 2157 qnod
964 2073 1221 2138 oranius
1248 2074 1640 2139 salsissimum
1670 2095 1809 2141 esse
1835 2084 2124 2154 autumat,
2147 2075 2496 2142 Ciceronem
2524 2076 2622 2142 di-

262 2197 397 2243 cere
427 2178 742 2244 contendo.
782 2176 1034 2260 Nempe
1062 2177 1447 2260 disputantur
1472 2179 1620 2243 haec
1647 2179 1850 2244 omnia
1871 2198 1944 2244 ex
1974 2187 2173 2244 mente
2202 2198 2436 2257 eorum,
2461 2198 2647 2264 quoa·
2753 2234 2758 2240 .

258 2281 357 2347 ille
383 2281 698 2365 theologos
728 2281 897 2359 dicit3
935 2282 1083 2366 „qni
1122 2300 1338 2347 omnes
1377 2282 1525 2370 deos
1565 2301 1636 2346 ex
1678 2282 1996 2347 hominum
2029 2300 2250 2365 genere
2288 2283 2354 2349 in
2392 2283 2622 2350 eaelum

263 2387 578 2453 translatos
624 2405 749 2453 non
789 2406 857 2451 re
901 2386 1008 2452 sed
1045 2386 1331 2472 opinione
1368 2393 1550 2452 esse“
1589 2394 1951 2462 statuerunt.
1987 2396 2057 2452 ut
2092 2386 2225 2470 ipse
2253 2388 2454 2472 paullo
2482 2397 2623 2456 ante

261 2492 555 2558 indicavit.
641 2492 846 2576 ltaque
872 2491 1057 2557 etiam
1105 2491 1307 2556 10v0m
1344 2491 1536 2568 mum,
1578 2491 1746 2557 mim
1777 2492 2007 2556 Anam
2037 2490 2140 2556 mii
2170 2500 2390 2571 essent,
2418 2478 2650 2559 home·

261 2613 402 2661 nem
440 2596 757 2681 aliqnando
796 2604 859 2662 et
892 2615 1095 2680 regem
1133 2596 1320 2661 inisse
1357 2595 1697 2673 voluerunt,
1744 2595 1924 2679 idque
1968 2595 2246 2675 Athenis,
2280 2596 2400 2662 nisi
2430 2597 2620 2663 fallor.

258 2699 412 2765 Nam
460 2700 599 2766 licet
643 2701 1007 2766 recentiores
1060 2700 1322 2766 editores
1350 2699 1628 2784 plerique
1664 2700 1844 2766 verba
1879 2701 1969 2767 sic
2006 2701 2530 2795 interpunxerint‚.
2557 2711 2625 2768 ut

260 2805 560 2870 Athenis
582 2811 749 2889 ‘cum'
775 2806 1233 2890 appellantur
1261 2805 1742 2891 coniungendam
1789 2806 2214 2889 significarent,
2244 2806 2392 2871 mihi
2422 2815 2624 2873 tamm

260 2910 391 2994 ips'a
418 2911 731 2975 collocatio
760 2910 1077 2976 vet-horum
1109 2910 1349 2975 alteram
1381 2911 1584 2995 potius
1614 2911 2158 2995 interpunctionem
2181 2910 2431 2976 suadere
2457 2911 2625 2978 vide·

257 3022 380 3092 tur,
408 3023 478 3079 ut
502 3015 730 3080 Anaoes
762 3014 1008 3080 Athenis
1038 3034 1110 3079 ex
1139 3034 1275 3099 rege
1304 3014 1568 3098 quodam
1596 3016 1737 3082 Iove
1763 3017 1889 3082 nati
1916 3035 2052 3081 esse
2078 3017 2369 3082 dicantur.
2430 3018 2624 3100 Atque

260 3118 352 3183 sic
378 3119 554 3184 etiam
583 3120 892 3185 Ernestius
920 3129 983 3185 et
1008 3121 1241 3212 priores
1271 3120 1530 3186 editores
1559 3119 2083 3205 interpunxerunt.

432 3221 572 3307 Cap.
602 3223 786 3303 XXII,
817 3216 920 3289 55.
1009 3224 1306 3307 Vulcani
1357 3227 1528 3291 item
1581 3225 2023 3309 complures:
2077 3224 2621 3309 primus-qcnto

254 3336 499 3406 natus,
540 3348 622 3393 ex
661 3348 800 3413 quo
852 3338 924 3394 et
969 3330 1281 3395 Minerva
1331 3329 1744 3422 Apollinem
1790 3347 1979 3408 eum,
2031 3329 2239 3394 cuius
2288 3328 2362 3394 in
2399 3330 2624 3396 tutela

147 3504 161 3517 ι
256 3433 570 3498 Athenas
616 3434 907 3517 antiqui
957 3427 1300 3499 historici
1346 3454 1515 3500 esse
1550 3434 1961 3500 .voluerunt.
2033 3433 2421 3500 Anacoluthia
2457 3442 2623 3500 stru-

260 3547 461 3604 cturae
490 3537 797 3622 plerisque
833 3538 982 3603 adeo
1023 3538 1382 3604 incredibilis
1433 3539 1562 3605 visa
1590 3548 1713 3618 est,
1748 3547 1817 3604 ut
1851 3540 1929 3604 de
1965 3539 2331 3605 emendanda
2363 3538 2622 3605 lectione

259 3642 602 3726 cogitat-int,
642 3642 1156 3730 quemadmodum
1190 3643 1308 3709 iam
1347 3664 1381 3709 a
1418 3643 1715 3709 veteribus
1755 3642 2193 3709 correctoribus
2231 3644 2453 3709 factum
2481 3662 2621 3709 esse
2658 3646 2725 3701 1⁴
2766 3688 2778 3701 -

259 3746 533 3812 codicum
571 3746 1071 3831 Cantabrigiensis
1109 3758 1169 3813 et
1204 3748 1369 3831 Regii
1408 3749 1742 3833 scripturae
1781 3747 2133 3825 ostendunt,
2168 3765 2428 3831 quorum
2471 3748 2627 3813 alter

259 3850 466 3929 hahet,
518 3870 602 3915 ex
652 3869 789 3934 quo
830 3861 900 3917 et
933 3853 1250 3919 Minerva
1287 3852 1543 3918 dicunt
1579 3852 1989 3936 Apollinem
2025 3872 2211 3931 eum,
2251 3852 2624 3917 alter-etiam

256 3964 504 4022 natum
543 3966 689 4038 post
730 3956 1135 4041 Apollinem
1179 3956 1361 4023 addit.
1450 3956 1592 4022 Mihi
1619 3957 1796 4023 -hanc
1839 3956 2290 4023 anacoluthiam·
2313 3955 2406 4021 vel
2432 3973 2624 4021 unum

258 4061 401 4127 illud
436 4060 781 4145 exemplum
821 4061 1159 4127 credibilem
1199 4061 1363 4137 facit,
1404 4061 1566 4144 quod
1606 4082 1642 4126 e
1675 4061 1864 4126 Bruto
1895 4081 1947 4125 c.
1977 4061 2084 4138 27,
2123 4062 2244 4146 ¹⁰4.
2273 4060 2338 4124 in
2365 4058 2626 4125 editione

260 4185 391 4231 mea
416 4167 621 4232 citavi:
659 4184 855 4250 neque
892 4165 1196 4230 duriorem
1226 4184 1358 4229 eam
1388 4166 1654 4230 arbitror
1679 4165 1800 4241 illa,
1827 4165 1905 4229 de
1932 4184 2047 4248 qua
2076 4164 2275 4248 paullo
2305 4172 2443 4228 ante
2469 4162 2547 4228 ad
2567 4184 2621 4229 e.

263 4270 323 4349 3,
356 4272 397 4335 7
426 4271 651 4337 dictum
681 4279 792 4335 eet.
879 4269 1111 4335 Addam
1152 4289 1314 4335 nunc
1354 4270 1597 4335 Tmoul.
1629 4269 1681 4347 1,
1711 4269 1823 4347 30,
1861 4268 1974 4333 73:
2009 4268 2256 4352 itaque
2306 4287 2623 4356 comme-

261 4384 573 4455 morant,
622 4385 702 4442 ut
747 4375 979 4460 cygni,
1018 4374 1140 4457 qui
1190 4377 1335 4441 n'on
1390 4375 1553 4453 sine
1602 4391 1814 4440 causa
1842 4372 2413 4458 Apollinidicati
2442 4374 2621 4451 sint,
2747 4394 2759 4405 ·
