<?xml version="1.0" encoding="UTF-8"?>
<!DOCTYPE html PUBLIC "-//W3C//DTD XHTML 1.0 Transitional//EN"
    "http://www.w3.org/TR/xhtml1/DTD/xhtml1-transitional.dtd">
<html xmlns="http://www.w3.org/1999/xhtml" xml:lang="en" lang="en">
 <head>
  <title>
</title>
<meta http-equiv="Content-Type" content="text/html;charset=utf-8" />
  <meta name='ocr-system' content='tesseract 3.04.00' />
  <meta name='ocr-capabilities' content='ocr_page ocr_carea ocr_par ocr_line ocrx_word'/>
</head>
<body>
  <div class='ocr_page' id='page_1' title='image "./opusculaacademi04schgoog_0199.png"; bbox 0 0 3102 4866; ppageno 0'>
   <div class='ocr_carea' id='block_1_1' title="bbox 890 1350 2188 1527">
    <p class='ocr_par' dir='ltr' id='par_1_1' title="bbox 890 1350 2188 1527">
     <span class='ocr_line' id='line_1_1' title="bbox 890 1350 2188 1527; baseline -0.008 0"><span class='ocrx_word' id='word_1_1' title='bbox 890 1423 1022 1527; x_wconf 80' lang='grc' dir='ltr'>Αι)</span> <span class='ocrx_word' id='word_1_2' title='bbox 1085 1420 1546 1519; x_wconf 66' lang='lat' dir='ltr'>mmmm</span> <span class='ocrx_word' id='word_1_3' title='bbox 1590 1350 2019 1518; x_wconf 57' lang='lat' dir='ltr'>&#39;mm</span> <span class='ocrx_word' id='word_1_4' title='bbox 2081 1422 2091 1431; x_wconf 72' lang='grc'>’</span> <span class='ocrx_word' id='word_1_5' title='bbox 2174 1465 2188 1480; x_wconf 91' lang='grc'>-</span> 
     </span>
    </p>
   </div>
   <div class='ocr_carea' id='block_1_2' title="bbox 235 1710 2747 3680">
    <p class='ocr_par' dir='ltr' id='par_1_2' title="bbox 240 1710 2747 2855">
     <span class='ocr_line' id='line_1_2' title="bbox 414 1710 2747 1812; baseline -0.003 -13"><span class='ocrx_word' id='word_1_6' title='bbox 414 1715 575 1799; x_wconf 80' lang='lat' dir='ltr'>Rem</span> <span class='ocrx_word' id='word_1_7' title='bbox 612 1733 795 1798; x_wconf 89' lang='lat' dir='ltr'>nohis</span> <span class='ocrx_word' id='word_1_8' title='bbox 835 1734 1028 1799; x_wconf 77' lang='lat' dir='ltr'>tacere</span> <span class='ocrx_word' id='word_1_9' title='bbox 1062 1732 1334 1798; x_wconf 80' lang='lat' dir='ltr'>videmur</span> <span class='ocrx_word' id='word_1_10' title='bbox 1366 1751 1482 1798; x_wconf 84' lang='lat' dir='ltr'>nec</span> <span class='ocrx_word' id='word_1_11' title='bbox 1519 1731 1735 1809; x_wconf 83' lang='lat' dir='ltr'>Vobis,</span> <span class='ocrx_word' id='word_1_12' title='bbox 1775 1729 2246 1807; x_wconf 66' lang='lat' dir='ltr'>commilitones,</span> <span class='ocrx_word' id='word_1_13' title='bbox 2285 1710 2600 1812; x_wconf 74' lang='lat' dir='ltr'>ingratam,</span> <span class='ocrx_word' id='word_1_14' title='bbox 2637 1736 2672 1790; x_wconf 77' lang='lat'>³</span> <span class='ocrx_word' id='word_1_15' title='bbox 2742 1725 2747 1729; x_wconf 78' lang='grc'><strong>’</strong></span> 
     </span>
     <span class='ocr_line' id='line_1_3' title="bbox 241 1832 2606 1930; baseline -0.001 -31"><span class='ocrx_word' id='word_1_16' title='bbox 241 1853 444 1918; x_wconf 84' lang='lat' dir='ltr'>neque</span> <span class='ocrx_word' id='word_1_17' title='bbox 465 1846 724 1902; x_wconf 85' lang='lat' dir='ltr'>anostrn</span> <span class='ocrx_word' id='word_1_18' title='bbox 747 1836 945 1902; x_wconf 80' lang='lat' dir='ltr'>officio</span> <span class='ocrx_word' id='word_1_19' title='bbox 961 1836 1231 1911; x_wconf 85' lang='lat' dir='ltr'>alienam,</span> <span class='ocrx_word' id='word_1_20' title='bbox 1262 1837 1333 1913; x_wconf 81' lang='lat' dir='ltr'>si,</span> <span class='ocrx_word' id='word_1_21' title='bbox 1349 1834 1855 1930; x_wconf 78' lang='lat' dir='ltr'>quemadmodum</span> <span class='ocrx_word' id='word_1_22' title='bbox 1871 1834 2216 1919; x_wconf 84' lang='lat' dir='ltr'>aliquoties</span> <span class='ocrx_word' id='word_1_23' title='bbox 2197 1853 2315 1899; x_wconf 76' lang='lat' dir='ltr'>tam</span> <span class='ocrx_word' id='word_1_24' title='bbox 2338 1832 2606 1908; x_wconf 80' lang='lat' dir='ltr'>fecimus,</span> 
     </span>
     <span class='ocr_line' id='line_1_4' title="bbox 243 1919 2606 2024; baseline -0.002 -20"><span class='ocrx_word' id='word_1_25' title='bbox 243 1939 315 2004; x_wconf 85' lang='lat' dir='ltr'>in</span> <span class='ocrx_word' id='word_1_26' title='bbox 348 1940 679 2024; x_wconf 81' lang='lat' dir='ltr'>prooemiis</span> <span class='ocrx_word' id='word_1_27' title='bbox 710 1940 1052 2006; x_wconf 82' lang='lat' dir='ltr'>scholarum</span> <span class='ocrx_word' id='word_1_28' title='bbox 1095 1940 1279 2006; x_wconf 82' lang='lat' dir='ltr'>indici</span> <span class='ocrx_word' id='word_1_29' title='bbox 1311 1919 1765 2024; x_wconf 75' lang='lat' dir='ltr'>praemittendis</span> <span class='ocrx_word' id='word_1_30' title='bbox 1802 1948 2148 2022; x_wconf 79' lang='lat' dir='ltr'>argumenta</span> <span class='ocrx_word' id='word_1_31' title='bbox 2176 1946 2504 2003; x_wconf 81' lang='lat' dir='ltr'>tractamus</span> <span class='ocrx_word' id='word_1_32' title='bbox 2532 1954 2606 2000; x_wconf 82' lang='lat' dir='ltr'>ex</span> 
     </span>
     <span class='ocr_line' id='line_1_5' title="bbox 243 2038 2603 2129; baseline -0.002 -22"><span class='ocrx_word' id='word_1_33' title='bbox 243 2043 394 2127; x_wconf 86' lang='lat' dir='ltr'>ipso</span> <span class='ocrx_word' id='word_1_34' title='bbox 425 2044 764 2111; x_wconf 82' lang='lat' dir='ltr'>scholarum</span> <span class='ocrx_word' id='word_1_35' title='bbox 794 2055 1144 2111; x_wconf 85' lang='lat' dir='ltr'>nostrarum</span> <span class='ocrx_word' id='word_1_36' title='bbox 1175 2045 1320 2110; x_wconf 86' lang='lat' dir='ltr'>orbe</span> <span class='ocrx_word' id='word_1_37' title='bbox 1349 2045 1695 2129; x_wconf 83' lang='lat' dir='ltr'>desumpta,</span> <span class='ocrx_word' id='word_1_38' title='bbox 1722 2063 1842 2127; x_wconf 98' lang='lat' dir='ltr'>quo</span> <span class='ocrx_word' id='word_1_39' title='bbox 1874 2051 1976 2108; x_wconf 84' lang='lat' dir='ltr'>aut</span> <span class='ocrx_word' id='word_1_40' title='bbox 2001 2062 2155 2128; x_wconf 85' lang='lat' dir='ltr'>quae</span> <span class='ocrx_word' id='word_1_41' title='bbox 2186 2060 2389 2106; x_wconf 86' lang='lat' dir='ltr'>coram</span> <span class='ocrx_word' id='word_1_42' title='bbox 2418 2038 2603 2103; x_wconf 80' lang='lat' dir='ltr'>Vobis</span> 
     </span>
     <span class='ocr_line' id='line_1_6' title="bbox 243 2142 2604 2232; baseline -0.001 -21"><span class='ocrx_word' id='word_1_43' title='bbox 243 2148 561 2231; x_wconf 86' lang='lat' dir='ltr'>proposita</span> <span class='ocrx_word' id='word_1_44' title='bbox 589 2158 757 2228; x_wconf 85' lang='lat' dir='ltr'>sunt,</span> <span class='ocrx_word' id='word_1_45' title='bbox 797 2148 1042 2214; x_wconf 86' lang='lat' dir='ltr'>uberius</span> <span class='ocrx_word' id='word_1_46' title='bbox 1082 2160 1143 2213; x_wconf 84' lang='lat' dir='ltr'>et</span> <span class='ocrx_word' id='word_1_47' title='bbox 1179 2148 1511 2213; x_wconf 72' lang='lat' dir='ltr'><strong>accuratius</strong></span> <span class='ocrx_word' id='word_1_48' title='bbox 1551 2147 1780 2230; x_wconf 85' lang='lat' dir='ltr'>scripto</span> <span class='ocrx_word' id='word_1_49' title='bbox 1818 2146 2103 2232; x_wconf 83' lang='lat' dir='ltr'>explicata</span> <span class='ocrx_word' id='word_1_50' title='bbox 2139 2142 2604 2228; x_wconf 78' lang='lat' dir='ltr'>recognoscatis,</span> 
     </span>
     <span class='ocr_line' id='line_1_7' title="bbox 242 2243 2607 2337; baseline -0.001 -23"><span class='ocrx_word' id='word_1_51' title='bbox 242 2259 349 2315; x_wconf 85' lang='lat' dir='ltr'>aut</span> <span class='ocrx_word' id='word_1_52' title='bbox 382 2251 457 2316; x_wconf 82' lang='lat' dir='ltr'>ad</span> <span class='ocrx_word' id='word_1_53' title='bbox 500 2272 597 2329; x_wconf 87' lang='lat' dir='ltr'>ea,</span> <span class='ocrx_word' id='word_1_54' title='bbox 617 2243 788 2335; x_wconf 75' lang='lat' dir='ltr'>&#39;quae</span> <span class='ocrx_word' id='word_1_55' title='bbox 825 2272 968 2317; x_wconf 85' lang='lat' dir='ltr'>mox</span> <span class='ocrx_word' id='word_1_56' title='bbox 996 2251 1254 2331; x_wconf 82' lang='lat' dir='ltr'>audituri</span> <span class='ocrx_word' id='word_1_57' title='bbox 1283 2252 1461 2329; x_wconf 80' lang='lat' dir='ltr'>estis,</span> <span class='ocrx_word' id='word_1_58' title='bbox 1513 2253 1879 2337; x_wconf 88' lang='lat' dir='ltr'>praeparatis</span> <span class='ocrx_word' id='word_1_59' title='bbox 1917 2250 2157 2316; x_wconf 86' lang='lat' dir='ltr'>auribus</span> <span class='ocrx_word' id='word_1_60' title='bbox 2187 2248 2607 2330; x_wconf 74' lang='lat' dir='ltr'>mentibusque</span> 
     </span>
     <span class='ocr_line' id='line_1_8' title="bbox 240 2352 2606 2444; baseline 0 -27"><span class='ocrx_word' id='word_1_61' title='bbox 240 2353 510 2419; x_wconf 69' lang='lat' dir='ltr'>veniatis.</span> <span class='ocrx_word' id='word_1_62' title='bbox 597 2354 766 2420; x_wconf 78' lang='lat' dir='ltr'>Hanc</span> <span class='ocrx_word' id='word_1_63' title='bbox 794 2354 873 2420; x_wconf 89' lang='lat' dir='ltr'>oh</span> <span class='ocrx_word' id='word_1_64' title='bbox 902 2374 1173 2431; x_wconf 70' lang='lat' dir='ltr'>cauum,</span> <span class='ocrx_word' id='word_1_65' title='bbox 1204 2374 1392 2440; x_wconf 88' lang='lat' dir='ltr'>quum</span> <span class='ocrx_word' id='word_1_66' title='bbox 1422 2373 1621 2440; x_wconf 84' lang='lat' dir='ltr'>nuper</span> <span class='ocrx_word' id='word_1_67' title='bbox 1649 2357 1710 2421; x_wconf 92' lang='lat' dir='ltr'>in</span> <span class='ocrx_word' id='word_1_68' title='bbox 1738 2354 2041 2440; x_wconf 80' lang='lat' dir='ltr'>Euripidis</span> <span class='ocrx_word' id='word_1_69' title='bbox 2068 2353 2272 2444; x_wconf 75' lang='lat' dir='ltr'>Medea</span> <span class='ocrx_word' id='word_1_70' title='bbox 2301 2352 2606 2418; x_wconf 85' lang='lat' dir='ltr'>nonnuliis</span> 
     </span>
     <span class='ocr_line' id='line_1_9' title="bbox 243 2457 2608 2546; baseline 0 -24"><span class='ocrx_word' id='word_1_71' title='bbox 243 2457 525 2524; x_wconf 81' lang='lat' dir='ltr'>Vestrum</span> <span class='ocrx_word' id='word_1_72' title='bbox 554 2460 995 2544; x_wconf 86' lang='lat' dir='ltr'>interpretanda</span> <span class='ocrx_word' id='word_1_73' title='bbox 1023 2461 1243 2526; x_wconf 79' lang='lat' dir='ltr'>versati</span> <span class='ocrx_word' id='word_1_74' title='bbox 1274 2461 1491 2539; x_wconf 89' lang='lat' dir='ltr'>simus,</span> <span class='ocrx_word' id='word_1_75' title='bbox 1518 2462 1699 2546; x_wconf 86' lang='lat' dir='ltr'>hujus</span> <span class='ocrx_word' id='word_1_76' title='bbox 1729 2479 1894 2526; x_wconf 85' lang='lat' dir='ltr'>nunc</span> <span class='ocrx_word' id='word_1_77' title='bbox 1921 2458 2150 2524; x_wconf 81' lang='lat' dir='ltr'>fabulae</span> <span class='ocrx_word' id='word_1_78' title='bbox 2178 2458 2350 2525; x_wconf 85' lang='lat' dir='ltr'>locos</span> <span class='ocrx_word' id='word_1_79' title='bbox 2379 2458 2608 2541; x_wconf 83' lang='lat' dir='ltr'>aliquot</span> 
     </span>
     <span class='ocr_line' id='line_1_10' title="bbox 246 2554 2603 2648; baseline 0 -21"><span class='ocrx_word' id='word_1_80' title='bbox 246 2560 613 2628; x_wconf 78' lang='lat' dir='ltr'>difficiliores</span> <span class='ocrx_word' id='word_1_81' title='bbox 642 2571 895 2628; x_wconf 71' lang='lat' dir='ltr'>metare</span> <span class='ocrx_word' id='word_1_82' title='bbox 921 2563 1169 2648; x_wconf 86' lang='lat' dir='ltr'>placuit,</span> <span class='ocrx_word' id='word_1_83' title='bbox 1200 2564 1276 2627; x_wconf 89' lang='lat' dir='ltr'>de</span> <span class='ocrx_word' id='word_1_84' title='bbox 1316 2563 1532 2646; x_wconf 87' lang='lat' dir='ltr'>quibus</span> <span class='ocrx_word' id='word_1_85' title='bbox 1564 2574 1667 2629; x_wconf 84' lang='lat' dir='ltr'>aut</span> <span class='ocrx_word' id='word_1_86' title='bbox 1703 2564 1777 2629; x_wconf 90' lang='lat' dir='ltr'>ah</span> <span class='ocrx_word' id='word_1_87' title='bbox 1806 2563 2118 2641; x_wconf 80' lang='lat' dir='ltr'>Elmsieio‚</span> <span class='ocrx_word' id='word_1_88' title='bbox 2158 2554 2446 2648; x_wconf 74' lang='lat' dir='ltr'>primario</span> <span class='ocrx_word' id='word_1_89' title='bbox 2475 2561 2603 2627; x_wconf 75' lang='lat' dir='ltr'>Me-</span> 
     </span>
     <span class='ocr_line' id='line_1_11' title="bbox 245 2665 2603 2751; baseline -0.001 -20"><span class='ocrx_word' id='word_1_90' title='bbox 245 2666 399 2732; x_wconf 86' lang='lat' dir='ltr'>deae</span> <span class='ocrx_word' id='word_1_91' title='bbox 406 2665 660 2742; x_wconf 82' lang='lat' dir='ltr'>editore,</span> <span class='ocrx_word' id='word_1_92' title='bbox 684 2665 980 2744; x_wconf 84' lang='lat' dir='ltr'>autahiis‚</span> <span class='ocrx_word' id='word_1_93' title='bbox 1009 2667 1112 2751; x_wconf 88' lang='lat' dir='ltr'>qui</span> <span class='ocrx_word' id='word_1_94' title='bbox 1138 2675 1284 2751; x_wconf 82' lang='lat' dir='ltr'>post</span> <span class='ocrx_word' id='word_1_95' title='bbox 1310 2666 1701 2746; x_wconf 81' lang='lat' dir='ltr'>Elmsleium‘</span> <span class='ocrx_word' id='word_1_96' title='bbox 1681 2686 1744 2732; x_wconf 88' lang='grc' dir='ltr'>ιιι</span> <span class='ocrx_word' id='word_1_97' title='bbox 1773 2668 1886 2732; x_wconf 87' lang='lat' dir='ltr'>hac</span> <span class='ocrx_word' id='word_1_98' title='bbox 1912 2666 2107 2732; x_wconf 81' lang='lat' dir='ltr'>fabula</span> <span class='ocrx_word' id='word_1_99' title='bbox 2139 2686 2380 2751; x_wconf 86' lang='lat' dir='ltr'>operam</span> <span class='ocrx_word' id='word_1_100' title='bbox 2413 2665 2603 2730; x_wconf 85' lang='lat' dir='ltr'>coilo-</span> 
     </span>
     <span class='ocr_line' id='line_1_12' title="bbox 244 2768 2594 2863; baseline 0 -28"><span class='ocrx_word' id='word_1_101' title='bbox 244 2779 472 2847; x_wconf 80' lang='lat' dir='ltr'>carunt‚</span> <span class='ocrx_word' id='word_1_102' title='bbox 493 2770 963 2835; x_wconf 86' lang='lat' dir='ltr'>dissentiendum</span> <span class='ocrx_word' id='word_1_103' title='bbox 991 2769 1167 2834; x_wconf 85' lang='lat' dir='ltr'>nohis</span> <span class='ocrx_word' id='word_1_104' title='bbox 1189 2789 1326 2835; x_wconf 89' lang='lat' dir='ltr'>esse</span> <span class='ocrx_word' id='word_1_105' title='bbox 1342 2768 1591 2835; x_wconf 82' lang='lat' dir='ltr'>videtur.</span> <span class='ocrx_word' id='word_1_106' title='bbox 1609 2806 1696 2820; x_wconf 92' lang='lat'>-—</span> <span class='ocrx_word' id='word_1_107' title='bbox 1711 2770 1960 2836; x_wconf 87' lang='lat' dir='ltr'>Statim</span> <span class='ocrx_word' id='word_1_108' title='bbox 1940 2788 2003 2834; x_wconf 89' lang='grc' dir='ltr'>ιιι</span> <span class='ocrx_word' id='word_1_109' title='bbox 2023 2770 2444 2863; x_wconf 79' lang='lat' dir='ltr'>prologov.10</span> <span class='ocrx_word' id='word_1_110' title='bbox 2461 2789 2594 2853; x_wconf 84' lang='lat' dir='ltr'>sqq.</span> 
     </span>
    </p>

    <p class='ocr_par' dir='ltr' id='par_1_3' title="bbox 646 2857 2186 2961">
     <span class='ocr_line' id='line_1_13' title="bbox 646 2857 2186 2961; baseline 0.001 -23"><span class='ocrx_word' id='word_1_111' title='bbox 646 2863 796 2938; x_wconf 75' lang='grc' dir='ltr'><strong><em>ουδ’</em></strong></span> <span class='ocrx_word' id='word_1_112' title='bbox 836 2862 1033 2937; x_wconf 67' lang='grc' dir='ltr'>ὄν-</span> <span class='ocrx_word' id='word_1_113' title='bbox 1062 2865 1359 2958; x_wconf 75' lang='grc' dir='ltr'>κατῳκει</span> <span class='ocrx_word' id='word_1_114' title='bbox 1397 2867 1599 2960; x_wconf 75' lang='grc' dir='ltr'><em>τήνδε</em></span> <span class='ocrx_word' id='word_1_115' title='bbox 1641 2869 1762 2961; x_wconf 77' lang='grc' dir='ltr'>γῆν</span> <span class='ocrx_word' id='word_1_116' title='bbox 1802 2857 2186 2961; x_wconf 70' lang='grc' dir='ltr'>Κορινθίαν</span> 
     </span>
    </p>

    <p class='ocr_par' dir='ltr' id='par_1_4' title="bbox 646 2968 2229 3062">
     <span class='ocr_line' id='line_1_14' title="bbox 646 2968 2229 3062; baseline 0.001 -20"><span class='ocrx_word' id='word_1_117' title='bbox 646 2972 761 3056; x_wconf 71' lang='grc' dir='ltr'>ξῦν</span> <span class='ocrx_word' id='word_1_118' title='bbox 802 2968 997 3060; x_wconf 72' lang='grc' dir='ltr'><em>ἀνδρὶ</em></span> <span class='ocrx_word' id='word_1_119' title='bbox 1035 2971 1156 3041; x_wconf 74' lang='grc' dir='ltr'>καὶ</span> <span class='ocrx_word' id='word_1_120' title='bbox 1195 2968 1548 3058; x_wconf 72' lang='grc' dir='ltr'>τέκνοισιν,</span> <span class='ocrx_word' id='word_1_121' title='bbox 1596 2968 1977 3044; x_wconf 55' lang='lat' dir='ltr'>&amp;vachowa</span> <span class='ocrx_word' id='word_1_122' title='bbox 2015 2972 2229 3062; x_wconf 68' lang='grc' dir='ltr'>μέν</span> 
     </span>
    </p>

    <p class='ocr_par' dir='ltr' id='par_1_5' title="bbox 235 3066 2629 3680">
     <span class='ocr_line' id='line_1_15' title="bbox 647 3066 2357 3169; baseline 0.002 -26"><span class='ocrx_word' id='word_1_123' title='bbox 647 3076 825 3168; x_wconf 79' lang='grc' dir='ltr'><strong><em>φυγὴ</em></strong></span> <span class='ocrx_word' id='word_1_124' title='bbox 871 3075 1171 3145; x_wconf 75' lang='grc' dir='ltr'>πολιτῶν</span> <span class='ocrx_word' id='word_1_125' title='bbox 1214 3066 1308 3145; x_wconf 77' lang='grc' dir='ltr'>ὧν</span> <span class='ocrx_word' id='word_1_126' title='bbox 1349 3071 1638 3169; x_wconf 59' lang='lat' dir='ltr'>&amp;pluero</span> <span class='ocrx_word' id='word_1_127' title='bbox 1674 3075 1899 3166; x_wconf 69' lang='grc' dir='ltr'><strong><em>χθόνα</em></strong></span> <span class='ocrx_word' id='word_1_128' title='bbox 1939 3077 2080 3146; x_wconf 74' lang='grc' dir='ltr'><em>κτλ..</em></span> <span class='ocrx_word' id='word_1_129' title='bbox 2180 3127 2188 3136; x_wconf 83' lang='grc'><strong>-</strong></span> <span class='ocrx_word' id='word_1_130' title='bbox 2266 3097 2275 3106; x_wconf 93' lang='grc'><em>·</em></span> <span class='ocrx_word' id='word_1_131' title='bbox 2350 3073 2357 3082; x_wconf 75' lang='grc'><strong><em>’</em></strong></span> 
     </span>
     <span class='ocr_line' id='line_1_16' title="bbox 235 3124 2595 3269; baseline 0.001 -20"><span class='ocrx_word' id='word_1_132' title='bbox 235 3185 398 3249; x_wconf 79' lang='lat' dir='ltr'>hanc</span> <span class='ocrx_word' id='word_1_133' title='bbox 424 3181 781 3266; x_wconf 84' lang='lat' dir='ltr'>scripturam</span> <span class='ocrx_word' id='word_1_134' title='bbox 809 3182 884 3247; x_wconf 81' lang='lat' dir='ltr'>ab</span> <span class='ocrx_word' id='word_1_135' title='bbox 919 3181 1206 3248; x_wconf 81' lang='lat' dir='ltr'>Elmsleio</span> <span class='ocrx_word' id='word_1_136' title='bbox 1245 3193 1543 3269; x_wconf 75' lang='lat' dir='ltr'>receptam</span> <span class='ocrx_word' id='word_1_137' title='bbox 1583 3203 1708 3249; x_wconf 87' lang='grc' dir='ltr'>ιιοιι</span> <span class='ocrx_word' id='word_1_138' title='bbox 1751 3183 1992 3267; x_wconf 87' lang='lat' dir='ltr'>quidem</span> <span class='ocrx_word' id='word_1_139' title='bbox 2032 3184 2424 3268; x_wconf 79' lang='lat' dir='ltr'>praeferimus</span> <span class='ocrx_word' id='word_1_140' title='bbox 2463 3124 2595 3251; x_wconf 80' lang='lat' dir='ltr'>vul-</span> 
     </span>
     <span class='ocr_line' id='line_1_17' title="bbox 235 3283 2629 3376; baseline 0.001 -24"><span class='ocrx_word' id='word_1_141' title='bbox 235 3296 409 3371; x_wconf 78' lang='lat' dir='ltr'>gatae</span> <span class='ocrx_word' id='word_1_142' title='bbox 435 3283 1029 3376; x_wconf 72' lang='grc' dir='ltr'>φυγῇ,ρι·ο1ιιιιιί1ειιι</span> <span class='ocrx_word' id='word_1_143' title='bbox 1055 3296 1256 3352; x_wconf 86' lang='lat' dir='ltr'>tamen</span> <span class='ocrx_word' id='word_1_144' title='bbox 1285 3296 1345 3352; x_wconf 85' lang='lat' dir='ltr'>et</span> <span class='ocrx_word' id='word_1_145' title='bbox 1370 3288 1584 3372; x_wconf 86' lang='lat' dir='ltr'>ipsam,</span> <span class='ocrx_word' id='word_1_146' title='bbox 1611 3286 2058 3372; x_wconf 73' lang='lat' dir='ltr'>rationibusque</span> <span class='ocrx_word' id='word_1_147' title='bbox 2080 3306 2209 3353; x_wconf 89' lang='lat' dir='ltr'>non</span> <span class='ocrx_word' id='word_1_148' title='bbox 2229 3287 2373 3354; x_wconf 84' lang='lat' dir='ltr'>satis</span> <span class='ocrx_word' id='word_1_149' title='bbox 2392 3289 2629 3354; x_wconf 76' lang='lat' dir='ltr'>validis·</span> 
     </span>
     <span class='ocr_line' id='line_1_18' title="bbox 237 3389 2599 3473; baseline 0.001 -18"><span class='ocrx_word' id='word_1_150' title='bbox 237 3410 274 3455; x_wconf 89' lang='lat' dir='ltr'>a</span> <span class='ocrx_word' id='word_1_151' title='bbox 298 3390 618 3457; x_wconf 72' lang='lat' dir='ltr'>Matthiaeo</span> <span class='ocrx_word' id='word_1_152' title='bbox 658 3392 996 3456; x_wconf 86' lang='lat' dir='ltr'>damnatam</span> <span class='ocrx_word' id='word_1_153' title='bbox 1034 3410 1172 3455; x_wconf 79' lang='lat' dir='ltr'>esse</span> <span class='ocrx_word' id='word_1_154' title='bbox 1205 3408 1544 3455; x_wconf 76' lang='lat' dir='ltr'>censo-us.</span> <span class='ocrx_word' id='word_1_155' title='bbox 1580 3431 1589 3450; x_wconf 38' lang='grc' dir='ltr'>ι</span> <span class='ocrx_word' id='word_1_156' title='bbox 1634 3389 1787 3455; x_wconf 88' lang='lat' dir='ltr'>Nam</span> <span class='ocrx_word' id='word_1_157' title='bbox 1829 3409 2015 3473; x_wconf 90' lang='lat' dir='ltr'>quum</span> <span class='ocrx_word' id='word_1_158' title='bbox 2052 3391 2375 3457; x_wconf 83' lang='lat' dir='ltr'>Elmsleius</span> <span class='ocrx_word' id='word_1_159' title='bbox 2413 3391 2599 3457; x_wconf 79' lang='lat' dir='ltr'>vesti-</span> 
     </span>
     <span class='ocr_line' id='line_1_19' title="bbox 238 3491 2599 3579; baseline 0.001 -19"><span class='ocrx_word' id='word_1_160' title='bbox 238 3495 408 3579; x_wconf 77' lang='lat' dir='ltr'>gium</span> <span class='ocrx_word' id='word_1_161' title='bbox 432 3494 617 3559; x_wconf 88' lang='lat' dir='ltr'>huius</span> <span class='ocrx_word' id='word_1_162' title='bbox 647 3495 979 3578; x_wconf 73' lang='lat' dir='ltr'>scripturae</span> <span class='ocrx_word' id='word_1_163' title='bbox 1007 3494 1166 3578; x_wconf 86' lang='lat' dir='ltr'>apud</span> <span class='ocrx_word' id='word_1_164' title='bbox 1195 3493 1577 3559; x_wconf 83' lang='lat' dir='ltr'>scholiastam</span> <span class='ocrx_word' id='word_1_165' title='bbox 1608 3493 1722 3557; x_wconf 89' lang='lat' dir='ltr'>sihi</span> <span class='ocrx_word' id='word_1_166' title='bbox 1751 3494 2194 3578; x_wconf 84' lang='lat' dir='ltr'>deprehendere</span> <span class='ocrx_word' id='word_1_167' title='bbox 2223 3491 2391 3562; x_wconf 76' lang='lat' dir='ltr'>visus&#39;</span> <span class='ocrx_word' id='word_1_168' title='bbox 2416 3505 2599 3571; x_wconf 78' lang='lat' dir='ltr'>esset,</span> 
     </span>
     <span class='ocr_line' id='line_1_20' title="bbox 235 3596 2599 3680; baseline 0.001 -16"><span class='ocrx_word' id='word_1_169' title='bbox 235 3598 298 3664; x_wconf 88' lang='lat' dir='ltr'>id</span> <span class='ocrx_word' id='word_1_170' title='bbox 313 3596 630 3680; x_wconf 70' lang='lat' dir='ltr'>vestigium</span> <span class='ocrx_word' id='word_1_171' title='bbox 643 3597 992 3663; x_wconf 69' lang='lat' dir='ltr'>Matthiaeus</span> <span class='ocrx_word' id='word_1_172' title='bbox 1006 3598 1236 3664; x_wconf 77' lang='lat' dir='ltr'>nulium</span> <span class='ocrx_word' id='word_1_173' title='bbox 1255 3617 1394 3663; x_wconf 83' lang='lat' dir='ltr'>esse</span> <span class='ocrx_word' id='word_1_174' title='bbox 1408 3597 1736 3674; x_wconf 71' lang='lat' dir='ltr'>contendit,</span> <span class='ocrx_word' id='word_1_175' title='bbox 1754 3598 2014 3664; x_wconf 86' lang='lat' dir='ltr'>simodo</span> <span class='ocrx_word' id='word_1_176' title='bbox 2037 3599 2218 3665; x_wconf 80' lang='lat' dir='ltr'>verba</span> <span class='ocrx_word' id='word_1_177' title='bbox 2238 3601 2599 3666; x_wconf 72' lang='lat' dir='ltr'>scholiastae</span> 
     </span>
    </p>
   </div>
   <div class='ocr_carea' id='block_1_3' title="bbox 81 3690 2611 3793">
    <p class='ocr_par' dir='ltr' id='par_1_6' title="bbox 81 3690 2611 3793">
     <span class='ocr_line' id='line_1_21' title="bbox 81 3690 2611 3793; baseline 0.002 -28"><span class='ocrx_word' id='word_1_178' title='bbox 81 3765 96 3775; x_wconf 81' lang='grc'>,</span> <span class='ocrx_word' id='word_1_179' title='bbox 234 3700 800 3785; x_wconf 84' lang='lat' dir='ltr'>recteaccipiantur.</span> <span class='ocrx_word' id='word_1_180' title='bbox 826 3690 1024 3779; x_wconf 83' lang='lat' dir='ltr'>&#39;Quod</span> <span class='ocrx_word' id='word_1_181' title='bbox 1039 3702 1202 3767; x_wconf 88' lang='lat' dir='ltr'>enim</span> <span class='ocrx_word' id='word_1_182' title='bbox 1216 3701 1269 3766; x_wconf 92' lang='lat' dir='ltr'>is</span> <span class='ocrx_word' id='word_1_183' title='bbox 1290 3702 1448 3767; x_wconf 84' lang='lat' dir='ltr'>dicat</span> <span class='ocrx_word' id='word_1_184' title='bbox 1458 3696 1541 3766; x_wconf 75' lang='grc' dir='ltr'>τό</span> <span class='ocrx_word' id='word_1_185' title='bbox 1563 3694 1642 3767; x_wconf 74' lang='grc' dir='ltr'>δὲ</span> <span class='ocrx_word' id='word_1_186' title='bbox 1653 3692 2049 3783; x_wconf 76' lang='grc' dir='ltr'>ἆνδάνουσα,</span> <span class='ocrx_word' id='word_1_187' title='bbox 2080 3693 2261 3793; x_wconf 71' lang='grc' dir='ltr'><strong><em>ὀρθ-ἡ</em></strong></span> <span class='ocrx_word' id='word_1_188' title='bbox 2295 3694 2446 3769; x_wconf 75' lang='grc' dir='ltr'>α’πί</span> <span class='ocrx_word' id='word_1_189' title='bbox 2477 3701 2611 3769; x_wconf 62' lang='lat'>602</span> 
     </span>
    </p>
   </div>
   <div class='ocr_carea' id='block_1_4' title="bbox 235 3794 2603 4408">
    <p class='ocr_par' dir='ltr' id='par_1_7' title="bbox 235 3794 2603 4408">
     <span class='ocr_line' id='line_1_22' title="bbox 235 3794 2603 3893; baseline 0.002 -25"><span class='ocrx_word' id='word_1_190' title='bbox 235 3798 465 3891; x_wconf 73' lang='grc' dir='ltr'>τικῆς,</span> <span class='ocrx_word' id='word_1_191' title='bbox 514 3794 670 3869; x_wconf 69' lang='grc' dir='ltr'>ἀντὶ</span> <span class='ocrx_word' id='word_1_192' title='bbox 705 3801 828 3869; x_wconf 74' lang='grc' dir='ltr'>τοῦ</span> <span class='ocrx_word' id='word_1_193' title='bbox 865 3795 1270 3893; x_wconf 55' lang='lat' dir='ltr'>&amp;darocam</span> <span class='ocrx_word' id='word_1_194' title='bbox 1307 3806 1430 3871; x_wconf 85' lang='lat' dir='ltr'>hoc</span> <span class='ocrx_word' id='word_1_195' title='bbox 1466 3813 1703 3871; x_wconf 83' lang='lat' dir='ltr'>tantum</span> <span class='ocrx_word' id='word_1_196' title='bbox 1754 3804 1869 3870; x_wconf 88' lang='lat' dir='ltr'>sihi</span> <span class='ocrx_word' id='word_1_197' title='bbox 1905 3807 2077 3884; x_wconf 84' lang='lat' dir='ltr'>velle,</span> <span class='ocrx_word' id='word_1_198' title='bbox 2116 3826 2302 3891; x_wconf 87' lang='lat' dir='ltr'>quum</span> <span class='ocrx_word' id='word_1_199' title='bbox 2351 3809 2603 3892; x_wconf 86' lang='lat' dir='ltr'>proprie</span> 
     </span>
     <span class='ocr_line' id='line_1_23' title="bbox 237 3901 2602 3994; baseline 0.001 -21"><span class='ocrx_word' id='word_1_200' title='bbox 237 3906 494 3973; x_wconf 60' lang='lat' dir='ltr'>militm</span> <span class='ocrx_word' id='word_1_201' title='bbox 518 3907 785 3986; x_wconf 63' lang='lat' dir='ltr'>Medeae,</span> <span class='ocrx_word' id='word_1_202' title='bbox 825 3926 956 3974; x_wconf 87' lang='lat' dir='ltr'>non</span> <span class='ocrx_word' id='word_1_203' title='bbox 983 3910 1132 3974; x_wconf 83' lang='lat' dir='ltr'>haec</span> <span class='ocrx_word' id='word_1_204' title='bbox 1158 3910 1319 3994; x_wconf 87' lang='lat' dir='ltr'>ipsa,</span> <span class='ocrx_word' id='word_1_205' title='bbox 1357 3909 1589 3994; x_wconf 87' lang='lat' dir='ltr'>placere</span> <span class='ocrx_word' id='word_1_206' title='bbox 1618 3908 1941 3974; x_wconf 84' lang='lat' dir='ltr'>Corinthiis</span> <span class='ocrx_word' id='word_1_207' title='bbox 1972 3909 2086 3974; x_wconf 85' lang='lat' dir='ltr'>dici</span> <span class='ocrx_word' id='word_1_208' title='bbox 2116 3909 2426 3976; x_wconf 72' lang='lat' dir='ltr'>debuisset</span> <span class='ocrx_word' id='word_1_209' title='bbox 2453 3901 2602 3991; x_wconf 72' lang='grc' dir='ltr'>(ἆν-</span> 
     </span>
     <span class='ocr_line' id='line_1_24' title="bbox 240 4006 2596 4100; baseline 0.001 -24"><span class='ocrx_word' id='word_1_210' title='bbox 240 4006 539 4100; x_wconf 55' lang='lat' dir='ltr'>caroea„</span> <span class='ocrx_word' id='word_1_211' title='bbox 560 4013 745 4100; x_wconf 77' lang='grc' dir='ltr'><strong><em>φυγῇ</em></strong></span> <span class='ocrx_word' id='word_1_212' title='bbox 755 4018 810 4092; x_wconf 89' lang='grc'>,)</span> <span class='ocrx_word' id='word_1_213' title='bbox 837 4021 1078 4097; x_wconf 82' lang='lat' dir='ltr'>poetam</span> <span class='ocrx_word' id='word_1_214' title='bbox 1116 4012 1353 4078; x_wconf 84' lang='lat' dir='ltr'>inversa</span> <span class='ocrx_word' id='word_1_215' title='bbox 1383 4013 1643 4092; x_wconf 85' lang='lat' dir='ltr'>dictione</span> <span class='ocrx_word' id='word_1_216' title='bbox 1671 4031 1801 4078; x_wconf 88' lang='lat' dir='ltr'>non</span> <span class='ocrx_word' id='word_1_217' title='bbox 1829 4011 2094 4089; x_wconf 67' lang='lat' dir='ltr'>uilium,</span> <span class='ocrx_word' id='word_1_218' title='bbox 2130 4015 2294 4097; x_wconf 86' lang='lat' dir='ltr'>quod</span> <span class='ocrx_word' id='word_1_219' title='bbox 2323 4013 2596 4092; x_wconf 82' lang='lat' dir='ltr'>debehat,</span> 
     </span>
     <span class='ocr_line' id='line_1_25' title="bbox 241 4114 2601 4201; baseline 0.001 -21"><span class='ocrx_word' id='word_1_220' title='bbox 241 4114 352 4180; x_wconf 86' lang='lat' dir='ltr'>sed</span> <span class='ocrx_word' id='word_1_221' title='bbox 380 4114 650 4180; x_wconf 64' lang='lat' dir='ltr'>Medeam</span> <span class='ocrx_word' id='word_1_222' title='bbox 677 4123 930 4200; x_wconf 87' lang='lat' dir='ltr'>propter</span> <span class='ocrx_word' id='word_1_223' title='bbox 964 4116 1201 4182; x_wconf 84' lang='lat' dir='ltr'>exilium</span> <span class='ocrx_word' id='word_1_224' title='bbox 1240 4117 1536 4201; x_wconf 73' lang='lat' dir='ltr'>placuisse</span> <span class='ocrx_word' id='word_1_225' title='bbox 1571 4117 1785 4181; x_wconf 88' lang='lat' dir='ltr'>dicere.</span> <span class='ocrx_word' id='word_1_226' title='bbox 1872 4116 2012 4180; x_wconf 86' lang='lat' dir='ltr'>Tale</span> <span class='ocrx_word' id='word_1_227' title='bbox 2040 4114 2327 4181; x_wconf 85' lang='lat' dir='ltr'>iudicium</span> <span class='ocrx_word' id='word_1_228' title='bbox 2357 4135 2473 4199; x_wconf 85' lang='lat' dir='ltr'>qua</span> <span class='ocrx_word' id='word_1_229' title='bbox 2500 4138 2601 4183; x_wconf 87' lang='lat' dir='ltr'>ra·</span> 
     </span>
     <span class='ocr_line' id='line_1_26' title="bbox 241 4217 2600 4303; baseline 0.001 -20"><span class='ocrx_word' id='word_1_230' title='bbox 241 4218 413 4283; x_wconf 86' lang='lat' dir='ltr'>tione</span> <span class='ocrx_word' id='word_1_231' title='bbox 443 4218 804 4284; x_wconf 73' lang='lat' dir='ltr'>scholiastae</span> <span class='ocrx_word' id='word_1_232' title='bbox 833 4217 1020 4283; x_wconf 83' lang='lat' dir='ltr'>tribui</span> <span class='ocrx_word' id='word_1_233' title='bbox 1055 4220 1252 4303; x_wconf 86' lang='lat' dir='ltr'>possit</span> <span class='ocrx_word' id='word_1_234' title='bbox 1288 4222 1544 4285; x_wconf 79' lang='lat' dir='ltr'>fatemur</span> <span class='ocrx_word' id='word_1_235' title='bbox 1572 4237 1688 4283; x_wconf 86' lang='lat' dir='ltr'>nos</span> <span class='ocrx_word' id='word_1_236' title='bbox 1718 4235 1847 4283; x_wconf 89' lang='lat' dir='ltr'>non</span> <span class='ocrx_word' id='word_1_237' title='bbox 1872 4217 2215 4300; x_wconf 76' lang='lat' dir='ltr'>intelligere.</span> <span class='ocrx_word' id='word_1_238' title='bbox 2301 4219 2413 4284; x_wconf 83' lang='lat' dir='ltr'>Est</span> <span class='ocrx_word' id='word_1_239' title='bbox 2436 4222 2600 4286; x_wconf 90' lang='lat' dir='ltr'>enim</span> 
     </span>
     <span class='ocr_line' id='line_1_27' title="bbox 240 4320 2603 4408; baseline 0.001 -21"><span class='ocrx_word' id='word_1_240' title='bbox 240 4320 392 4387; x_wconf 86' lang='lat' dir='ltr'>illud</span> <span class='ocrx_word' id='word_1_241' title='bbox 421 4321 625 4405; x_wconf 88' lang='lat' dir='ltr'>ipsum</span> <span class='ocrx_word' id='word_1_242' title='bbox 652 4321 817 4407; x_wconf 89' lang='lat' dir='ltr'>quod</span> <span class='ocrx_word' id='word_1_243' title='bbox 846 4341 920 4388; x_wconf 83' lang='lat' dir='ltr'>ex</span> <span class='ocrx_word' id='word_1_244' title='bbox 950 4321 1177 4404; x_wconf 76' lang='lat' dir='ltr'>vulgata</span> <span class='ocrx_word' id='word_1_245' title='bbox 1207 4323 1501 4408; x_wconf 87' lang='lat' dir='ltr'>scriptura</span> <span class='ocrx_word' id='word_1_246' title='bbox 1529 4321 1843 4405; x_wconf 82' lang='lat' dir='ltr'>Euripides</span> <span class='ocrx_word' id='word_1_247' title='bbox 1883 4321 2049 4400; x_wconf 87' lang='lat' dir='ltr'>dicit,</span> <span class='ocrx_word' id='word_1_248' title='bbox 2086 4323 2355 4389; x_wconf 69' lang='lat' dir='ltr'>Medeam</span> <span class='ocrx_word' id='word_1_249' title='bbox 2385 4323 2603 4390; x_wconf 89' lang='lat' dir='ltr'>Corin-</span> 
     </span>
    </p>
   </div>
  </div>
 </body>
</html>
