3102 4866
1610 317 1700 382 44

476 498 816 573 πλειόνων
838 502 1148 597 πράξεων
1181 493 1232 597 ᾗ
1282 504 1698 598 munem,
1729 499 1809 576 οὖ
1834 500 1964 592 μία
1985 527 2072 574 se.
2102 498 2296 574 ἔσται
2316 518 2420 574 aut
2438 503 2842 599 φανήσπαα·

478 608 613 676 Hoc
649 601 728 677 οὗ
767 605 899 697 μία
938 632 1071 678 non
1107 613 1288 678 nimis
1329 617 1660 699 urgendum
1692 634 1829 679 esse
1856 633 1956 679 res
1999 614 2131 698 ipsa
2163 614 2365 678 docet:
2401 626 2648 699 apparet
2673 617 2836 683 enim

474 713 810 780 nibilaliud
838 715 1157 799 significari
1185 737 1366 802 quam
1394 720 1555 803 quod
1586 704 2489 806 antedictumestffivorpla.
2539 719 2835 801 Iamvero

477 838 664 902 quum
691 820 813 884 hoc
834 821 1038 904 ipsum
1066 822 1243 887 etiam
1270 824 1334 887 in
1354 823 1593 889 Iliadem
1623 835 1683 889 et
1710 824 2039 908 Odysseam
2069 823 2280 887 cadere
2307 822 2556 904 dicatur,
2601 817 2835 940 ὥσπες

473 915 521 1009 ἦ
556 914 767 1001 'liade
807 913 947 1005 ἔχει
991 922 1216 992 πολλὰ
1256 924 1544 992 τοιαῦτα
1585 924 1755 1016 μέρη
1783 922 1902 993 καὶ
1946 918 2389 1014 ἧὈδῦσσεια,
2432 917 2484 991 ἃ
2522 921 2642 991 καὶ
2670 929 2820 994 καθ

473 1017 682 1094 ἑαυτὰ
724 1017 866 1108 ἔχει
906 1023 1219 1114 μέγεθος,
1264 1049 1469 1098 nonne
1517 1041 1747 1117 pugnat
1793 1033 1914 1097 hoc
1951 1050 2087 1096 cum
2141 1031 2244 1110 iis,
2296 1051 2412 1115 que
2463 1050 2592 1115 cap.
2631 1031 2717 1097 23
2769 1033 2835 1098 in

472 1129 709 1195 laudem
736 1131 934 1199 iliadis
964 1142 1024 1198 et
1052 1134 1352 1219 Odysseae
1380 1136 1535 1203 dicta
1574 1134 1760 1202 sunt?
1817 1135 1909 1201 Ibi
1940 1136 2099 1200 enim
2129 1155 2457 1220 perpaucas
2495 1144 2729 1200 tantum
2759 1158 2833 1203 ex

472 1243 728 1320 utraque
755 1238 1089 1320 tragoedias
1120 1240 1248 1304 fleri
1276 1241 1560 1323 legimus:
1600 1259 1760 1306 nunc
1790 1240 1919 1323 pan‘
1950 1258 2089 1304 cum
2119 1240 2330 1304 ceteris
2359 1241 2667 1324 epopoeiis
2694 1241 2831 1307 loco

410 1428 418 1436 ι
475 1350 810 1418 censentur,
842 1362 914 1407 ex
944 1362 1196 1426 quarum
1226 1364 1344 1409 una
1389 1364 1626 1430 quaque
1666 1344 1886 1409 multae
1921 1343 2262 1427 tragoediae
2292 1345 2452 1409 flant.
2541 1345 2831 1422 Quamvis

356 1490 361 1499 -
471 1444 637 1510 enim
677 1447 1036 1512 concedatur
1069 1446 1311 1513 fliadem
1349 1457 1410 1514 et
1437 1450 1769 1533 odysseam
1808 1449 2062 1532 optime,
2100 1456 2387 1532 quantum
2425 1450 2618 1526 liceat,
2657 1468 2828 1514 com·

473 1549 705 1634 positas
734 1570 869 1615 esse
917 1559 978 1615 et
1026 1554 1286 1618 maxime
1335 1555 1515 1618 unius
1569 1554 1821 1619 actionis
1872 1553 2266 1618 imitationem
2314 1552 2534 1618 babere
2576 1544 2833 1632 (καίτοι

470 1651 682 1720 ταῦτα
729 1651 819 1720 τὰ
869 1649 1228 1742 ποιήματα
1282 1654 1670 1746 συνέστηκεν
1721 1650 1814 1736 ὥς
1865 1650 2207 1738 ἐνδέχεται
2248 1647 2498 1744 ἄριστα
2547 1652 2665 1721 καὶ
2720 1650 2833 1722 ὅτι

470 1752 773 1841 μάλιστα
820 1757 990 1842 μιᾶς
1040 1757 1349 1851 πράξεως
1397 1756 1740 1851 μίμησις),
1807 1772 2004 1827 tamen
2068 1781 2254 1845 quum
2312 1762 2532 1826 multas
2581 1770 2833 1845 utraque

474 1872 675 1946 partes
705 1863 1003 1932 eiusmodi
1033 1866 1253 1932 habere
1281 1854 1528 1945 dicatur,
1562 1887 1713 1952 quae
1740 1867 1916 1932 etiam
1939 1865 2107 1931 solae
2134 1885 2244 1949 per
2272 1886 2340 1930 se
2361 1865 2830 1949 magnitudinem

474 1968 746 2045 habeant,
774 1967 1099 2035 dubiumne
1127 1990 1263 2035 esse
1293 1980 1514 2056 potest,
1546 1972 1692 2055 quin
1722 1991 1795 2036 ex
1825 1971 2038 2035 tatibus
2059 1970 2340 2054 ‘partibus
2382 1970 2560 2034 etiam
2589 1977 2830 2052 tragoe-

365 2104 398 2119 —
474 2071 605 2137 diae
634 2073 778 2137 flant
805 2074 1048 2159 fierique
1076 2072 1361 2159 possint?
1390 2075 1451 2141 id
1482 2078 1645 2160 quod
1666 2094 1932 2161 pugnare
1957 2075 2097 2139 'cum
2123 2094 2174 2139 c.
2198 2074 2282 2139 23
2311 2073 2696 2138 manifestum
2719 2080 2829 2136 est.

324 2258 331 2263 ,
472 2175 706 2259 Pugnat
733 2196 907 2253 sane;
945 2179 1053 2243 sed
1081 2188 1175 2243 est
1202 2188 1419 2257 tamen,
1448 2189 1517 2245 ut
1545 2181 1830 2253 arbitror,
1869 2179 2015 2244 haec
2044 2197 2243 2263 pugna
2270 2178 2461 2260 magis
2490 2177 2832 2255 verborum,

360 2336 363 2341 .
472 2299 650 2362 quam
700 2283 789 2346 rei
845 2282 1037 2365 ipsius
1087 2303 1158 2348 ac
1208 2285 1553 2350 sententiae.
1638 2285 1865 2368 Nempe
1924 2284 2124 2348 omnis
2183 2283 2575 2365 discrepantia
2633 2281 2695 2346 in
2754 2301 2828 2346 eo

473 2385 777 2466 consistit,
816 2387 980 2470 quod
1018 2406 1184 2454 nunc
1231 2397 1477 2474 partes
1530 2383 1764 2479 (μέρη)
1810 2388 2116 2465 dicuntur,
2165 2405 2316 2471 quae
2354 2385 2546 2469 magis
2584 2384 2830 2470 proprie

470 2490 727 2574 episod
741 2490 805 2556 ia
842 2491 1089 2564 dicenda
1119 2495 1392 2559 fuissent.
1449 2495 1752 2578 Episodiis
1775 2503 1972 2559 autem
1995 2492 2198 2557 multis
2221 2491 2466 2556 iliadem
2488 2489 2828 2555 distinctam

320 2592 343 2629 ·“
471 2613 609 2658 esse
636 2594 982 2661 Aristoteles
1020 2597 1151 2682 ipse
1188 2599 1499 2681 professus
1540 2607 1634 2663 est
1673 2619 1725 2663 c.
1756 2597 1870 2674 23,
1916 2597 1975 2662 3.
2034 2595 2177 2680 Cap.
2216 2597 2294 2659 17
2333 2605 2528 2660 autem
2567 2597 2605 2672 5
2637 2594 2700 2668 5,
2751 2593 2827 2657 de

474 2698 742 2783 Odyssea
772 2699 1043 2784 loquens,
1072 2696 1274 2787 λόγον
1300 2703 1430 2768 eius
1461 2704 1588 2768 sive
1618 2721 1920 2768 summam
1950 2700 2284 2783 argumenti
2311 2700 2549 2764 brevem
2572 2716 2709 2761 esse
2732 2697 2827 2773 ait,

474 2822 626 2886 quae
664 2803 870 2887 paucis
916 2804 1005 2869 sic
1044 2806 1168 2869 rere
1211 2807 1637 2889 comprehendi
1682 2806 1909 2889 possit:
1961 2824 2172 2888 quum
2217 2804 2503 2887 quidam
2555 2801 2823 2866 multos

476 2910 710 2972 annos
745 2927 1059 2993 peregre
1100 2910 1400 2987 fuisset,
1442 2911 1527 2975 ab
1568 2909 1847 2975 infesto
1901 2908 2231 2991 Neptuno
2282 2906 2717 2971 observatus
2748 2924 2828 2969 ac

472 3013 713 3088 solus,
765 3030 880 3077 res
926 3022 1161 3078 autem
1204 3013 1361 3078 eius
1407 3013 1814 3079 domestica
1855 3013 1962 3077 sic
1998 3010 2435 3086 se·haberet,
2474 3018 2550 3075 ut
2579 3028 2762 3093 opes
2789 3028 2826 3074 a

473 3116 727 3199 procis
758 3118 1015 3182 uxoris
1041 3116 1602 3184 absumerentur
1641 3117 1949 3200 filioque
1987 3115 2300 3181 insidiae
2330 3122 2824 3190 struerentur,

473 3220 763 3285 tandem
802 3222 990 3306 ipse,
1039 3223 1601 3305 tempestatibus
1630 3223 1977 3296 iactatus,
2019 3220 2267 3296 rediit,
2298 3228 2366 3283 et
2401 3227 2580 3301 post
2615 3236 2825 3300 quas-

473 3324 629 3389 dam
673 3323 1088 3408 agnitiones
1127 3325 1408 3410 impetu
1444 3328 1519 3392 in
1557 3325 2021 3392 adversarios
2061 3323 2437 3405 ractoipse
2479 3332 2824 3398 servatur,

374 3435 437 3488 21
477 3428 652 3493 illos
680 3437 916 3493 autem
953 3428 1373 3495 ulciscitur:
1445 3432 1541 3496 bis
1570 3430 1768 3514 itaque
1798 3429 1887 3493 sic
1922 3427 2282 3512 propositis,
2320 3422 2401 3491 τὸ
2453 3420 2575 3509 μὲν
2616 3416 2818 3503 ἴδιον,

473 3531 681 3615 inquit,
707 3529 928 3612 τοῦτο,
970 3529 1059 3597 τὰ
1104 3526 1168 3614 df
1215 3523 1388 3599 ἄλλα
1431 3529 1819 3601 ἐπεισόδια.
1880 3533 2034 3597 Hinc
2062 3532 2417 3615 intelligitur,
2437 3548 2617 3614 quam
2639 3528 2824 3594 multa

471 3654 807 3720 magnaque
833 3637 895 3701 in
943 3647 1196 3721 utroque
1227 3639 1487 3703 carmine
1517 3638 1785 3721 episodia
1812 3637 2137 3719 agnoverit,
2167 3654 2425 3718 quorum
2463 3651 2592 3698 non
2637 3651 2822 3716 pauca

473 3740 649 3806 etiam
680 3742 999 3825 tragoediis
1030 3752 1374 3826 argumenta
1404 3742 1789 3825 suppeditare
1819 3748 2165 3826 potuerunt.
2253 3738 2412 3803 Haec
2448 3737 2628 3820 igitur
2664 3753 2827 3800 nunc

471 3843 675 3909 minus
713 3853 987 3910 accurate
1024 3845 1302 3929 loquens,
1341 3846 1404 3911 in
1439 3845 1708 3930 partibus
1737 3863 1947 3910 eorum
1977 3842 2311 3908 carminum
2348 3849 2650 3916 numerat,
2689 3840 2827 3917 licet

470 3948 633 4024 alibi,
672 3966 800 4031 cap.
841 3947 953 4026 24,
996 3951 1068 4025 4,
1119 3931 1452 4033 episodiaa
1492 3950 1762 4033 partibus
1801 3951 2156 4032 distinguat,
2197 3957 2258 4012 et
2306 3966 2438 4030 cap.
2467 3944 2579 4019 23,
2616 3943 2720 4007 ubi
2750 3943 2825 4008 de

469 4052 793 4136 tragoediis
834 4052 1096 4136 loquitur
1147 4074 1220 4119 ex
1269 4053 1448 4118 Iliade
1488 4066 1547 4119 et
1585 4054 1849 4139 Odyssea
1889 4053 2112 4128 ductis,
2152 4051 2375 4117 nullam
2403 4047 2822 4133 'episodiorum

469 4158 761 4223 rationem
791 4157 1025 4222 habeat.
1111 4158 1231 4224 Sed
1259 4159 1408 4223 haec
1433 4158 1800 4241 indiligentia
1825 4176 1949 4222 non
1981 4165 2179 4221 tamen
2206 4154 2506 4220 eiusmodi
2533 4161 2643 4228 est,
2672 4170 2825 4234 quae

473 4262 667 4326 fallere
712 4270 1005 4326 attentum
1042 4263 1322 4326 lectorem
1363 4271 1423 4327 et
1466 4264 1530 4326 in
1568 4282 1833 4328 errorem
1871 4262 2153 4327 inducere
2188 4260 2408 4344 possit,
2446 4276 2639 4340 neque
2675 4255 2822 4319 adeo

474 4365 744 4429 miranda
771 4364 836 4428 in
862 4365 985 4429 hoc
1008 4365 1227 4444 libello,
1256 4385 1437 4449 quem
1465 4386 1682 4451 parum
1711 4367 2076 4432 elaboratum
2104 4383 2237 4429 esse
2267 4362 2409 4428 satis
2437 4361 2591 4425 inter
2612 4376 2824 4425 omnes
