3102 4866
1307 312 1438 380 855

202 491 601 569 ministratum
624 503 892 587 eogitari.
980 502 1185 590 ltaque
1219 503 1431 569 mundi
1469 504 1535 596 in
1563 504 1841 570 homines
1873 505 2341 571 moderationem
2371 504 2560 570 inter·

199 617 404 692 pretor
437 607 648 673 mundi
684 608 1160 675 moderationem
1196 609 1269 675 ad
1308 608 1587 674 homines
1627 610 2050 697 pertinentem
2087 609 2247 694 quod
2301 611 2562 676 fortasse

201 711 378 777 etiam
405 712 718 780 Emeetius
745 713 996 779 volebat.
1056 748 1147 763 —
1202 713 1472 798 Denique
1512 714 1784 781 Davisius
1821 715 1887 779 in
1922 713 2093 780 initio
2124 714 2302 780 huius
2327 712 2561 798 periodi

198 816 494 882 causalem
524 817 1007 883 coniunctionem
1038 817 1224 882 enim
1257 818 1393 883 eu'm
1417 818 1784 885 adversativa
1812 826 2044 885 autem
2076 818 2558 885 commutandam

200 920 457 1000 censuit,
489 940 642 1005 quae
671 921 939 1006 quamvis
961 921 1213 987 minime
1239 921 1430 988 audax
1458 923 1539 988 eit
1568 923 1852 1000 mutatio,
1881 923 2209 1007 (siquidem
2240 931 2473 990 autem
2503 932 2565 987 et

198 1024 384 1091 enim
423 1033 674 1109 propter
710 1026 1064 1111 oompendia
1103 1027 1436 1109 scripturae
1470 1044 1598 1091 non
1629 1026 1811 1092 semel
1841 1047 1874 1093 a
1901 1028 2158 1093 librariis
2199 1035 2565 1112 permutatas

196 1148 332 1195 eoae
371 1138 637 1208 constat,
677 1149 794 1215 qua
832 1131 909 1195 de
932 1149 1001 1195 re
1026 1130 1145 1195 vid.
1174 1130 1482 1214 Spalding.
1523 1131 1602 1196 ad
1644 1130 1899 1208 Quintil.
1929 1130 2029 1208 XI,
2061 1130 2121 1208 3,
2155 1131 2258 1196 40.
2291 1129 2469 1196 Orell.
2503 1140 2567 1195 et

200 1234 356 1300 Giee.
388 1234 463 1300 ad
494 1233 556 1299 C.
589 1233 664 1299 de
690 1234 815 1299 Div.
846 1234 917 1314 n,
951 1235 1050 1310 10,
1079 1234 1183 1299 25.
1228 1233 1421 1299 Hand.
1464 1233 1536 1300 ed
1582 1234 1914 1319 Wopkens.
1946 1253 2009 1317 p.
2043 1234 2183 1314 89.)
2214 1243 2418 1299 tamen
2441 1231 2566 1298 hoc

195 1340 332 1405 loeo
370 1327 498 1404 non
533 1340 869 1404 necessaria
907 1358 1046 1404 esse
1094 1338 1353 1416 videtur,
1395 1338 1583 1404 modo
1638 1338 2071 1404 sententiarum
2126 1337 2559 1403 connexionem

196 1444 356 1507 hane
381 1443 965 1533 ease-intelligamus}
986 1431 1072 1508 ·ut
1108 1441 1222 1508 luo
1256 1442 1508 1527 periodo
1546 1443 1699 1508 ratio
1740 1443 2024 1535 reddatur
2059 1447 2190 1508 non
2239 1441 2376 1508 eius'
2401 1446 2563 1506 “am-

198 1546 438 1625 tentiae,
466 1565 618 1630 quae
643 1549 917 1631 proxime
944 1547 1300 1631 praecessit,
1341 1548 1415 1613 de
1453 1548 1815 1640 conscientia
1847 1547 2096 1631 eiusque
2126 1549 2211 1625 vi,
2242 1547 2347 1611 sed
2379 1565 2562 1630 eupe—

196 1649 400 1729 riofin,
439 1670 589 1734 quae
615 1652 898 1735 primaria
924 1660 1046 1726 eet,
1088 1659 1152 1716 et
1189 1651 1283 1716 cui
1327 1653 1509 1717 altera
1538 1652 1635 1718 illa
1666 1659 1896 1717 tantum
1927 1651 2219 1717 limitandi
2250 1670 2425 1717 eausa
2454 1649 2562 1715 ad-

197 1754 477 1837 iungitur.
567 1755 797 1833 Quodsi
835 1755 1041 1822 Cicero
1081 1748 1363 1821 membra·
1401 1755 1570 1820 aliter
1599 1754 1966 1833 ordinasset,
1995 1753 2062 1818 in
2089 1755 2255 1820 huno
2280 1753 2565 1819 modum:

196 1856 432 1934 „Invita
481 1858 547 1923 in
597 1859 717 1925 hoe
752 1852 890 1926 loeo
929 1859 1463 1925 versatur-oratio:
1505 1859 1729 1944 quippe
1766 1877 1982 1943 quum,
2017 1859 2139 1923 nisi
2167 1878 2343 1942 gnte
2369 1857 2565 1943 ipsius

196 1960 601 2027 eonseientiae
626 1957 872 2047 pondus
898 1972 1076 2041 esset,
1104 1962 1402 2028 vida-etur
1426 1965 1699 2049 profecto
1730 1963 2383 2028 anaor-itatemefferre
2420 1979 2565 2045 peo-

194 2064 427 2130 eandi.“
442 2067 643 2132 atatim
653 2069 924 2152 profecto
952 2067 1095 2133 illud
1126 2066 1314 2132 enim
1338 2067 1681 2133 rectissime
1691 2066 1957 2152 positum
1973 2086 2111 2132 esse
2123 2065 2564 2157 intelligeretur.

369 2170 666 2236 Debemus
696 2171 1197 2263 Gryphiswalqliae
1223 2171 1282 2236 d.
1314 2171 1447 2236 ΧΠ
1475 2191 1559 2237 ιιι.
1593 2171 1874 2238 Octobris
1900 2169 2218 2237 uncum.
2251 2197 2260 2226 e
2289 2215 2296 2220 -
2395 2193 2402 2200 ·

2043 4428 2174 4534 23*
