3102 4866
1479 322 1594 392 514

355 516 719 599 ιὲιεμηόῃο
750 513 1243 581 :masdra-sus
1272 513 1929 596 hommmptumm,
1970 515 2090 580 uisi
2126 536 2234 581 eos
2264 507 2503 586 iu-'sues
2534 520 2725 606 ipsius

368 636 560 707 meq-
588 620 893 703 hupetum
919 616 1472 701 facereiguemque
1504 617 1581 681 iis
1625 616 1854 683 inferre·
1881 618 2126 684 viderit&
2147 621 2308 686 aSic·
2332 624 2505 707 legati
2532 644 2600 690 re
2627 626 2727 690 in-
2777 693 2786 702 ,

368 723 834 792 remandant.
917 721 1172 786 Postero
1209 723 1307 787 die
1344 721 1785 804 redintegratur
1819 714 2534 810 proelium3a1iquamd‘m
2562 732 2725 794 vario

303 841 337 888 .·
358 828 569 893 Marte
582 826 915 903 dimimmr,
942 845 1089 890 mox
1112 835 1311 891 sutem
1347 822 1667 890 vulnmtis'
1695 822 2168 911 Agamemnone,
2199 829 2509 909 Diomede,
2539 832 2726 908 Ulixe,

368 940 446 998 et}
464 930 677 996 cedem
702 929 941 1013 proelio
981 932 1234 1009 coactis,
1283 930 1529 995 Troiani
1562 929 1820 997 victores
1860 931 1922 996 in
1958 932 2094 1016 ipsa
2134 931 2498 1000 Greecormn
2537 944 2727 1002 casti-a

357 1036 721 1117 &rumpunt
758 1052 1103 1119 navemque
1135 1035 1445 1100 Protesilai
1494 1033 1838 1101 incendunt.
1897 1056 1904 1067 ·
1944 1037 2038 1101 lta'
2065 1037 2340 1103 ‘demum
2385 1040 2728 1125 propinquo

370 1138 648 1224 pesculo
657 1126 913 1203 Achilles
936 1140 1367 1204 occurrendum
1387 1157 1522 1203 esse
1543 1139 1832 1223 intelligit,
1857 1140 2002 1223 ipse
2016 1132 2217 1206 tamen
2243 1153 2311 1207 ut
2338 1163 2503 1208 arma
2533 1157 2732 1209 sumat

357 1253 463 1310 οε
477 1260 659 1310 mc·
678 1243 920 1326 quidem
958 1244 1225 1308 animum
1262 1242 1515 1319 inducit,
1551 1242 1661 1306 sed
1689 1243 1997 1322 Patroclo,
2030 1246 2223 1310 amico
2254 1266 2388 1325 suo,
2419 1249 2727 1332 permittit,

372 1355 443 1414 ut
468 1349 554 1425 is,
572 1346 701 1412 suis
729 1347 921 1412 armis
942 1346 1203 1424 indutus,
1233 1364 1373 1411 cum
1398 1345 1871 1429 Myrmidonibus
1900 1340 2134 1421 obviam
2163 1350 2442 1416 hostibus
2474 1362 2585 1429 eat,
2615 1354 2730 1417 hac

372 1461 576 1517 um
600 1450 756 1533 lege,
792 1461 859 1515 ut
895 1451 1179 1534 repellere
1215 1469 1323 1515 eos
1359 1470 1403 1515 a
1433 1451 1646 1515 castris
1677 1459 1998 1516 contentus
2024 1453 2264 1536 longius
2302 1455 2527 1520 instare
2553 1457 2726 1532 nolit,

368 1555 489 1620 sed·
510 1556 723 1620 statim
741 1555 818 1620 ad
846 1575 921 1619 se
942 1563 1284 1630 revertatur,
1316 1555 1536 1638 partim
1568 1555 1807 1638 quidem
1838 1555 2014 1620 saluti
2042 1557 2306 1623 Patrocli
2330 1560 2724 1644 prospiciens,

373 1657 628 1723 maxime
655 1666 872 1734 autem,
899 1677 1006 1735 ne,
1033 1659 1088 1723 si
1114 1660 1253 1742 plus
1280 1659 1556 1723 effectum
1586 1659 1741 1723 foret
1780 1678 1996 1743 resque
2024 1661 2398 1726 Graecorum·
2426 1663 2728 1729 iumelius

370 1762 714 1838 vertissem,
759 1761 950 1845 ipsius
993 1781 1189 1844 opera.
1212 1762 1467 1827 minoris
1505 1763 1854 1827 aestimetur
1889 1783 2119 1847 suoque
2156 1765 2374 1848 aliquid
2411 1766 2731 1848 derogetur

369 1866 612 1931 honori.
720 1864 1031 1930 Pati-udus
1087 1872 1286 1931 tamen
1337 1884 1628 1931 successu
1684 1866 1872 1931 elatus
1932 1868 2086 1932 haec
2121 1869 2418 1933 ‘mandata
2470 1870 2730 1953 negligit,

371 1968 671 2035 Troianos
702 1968 938 2052 longius
978 1970 1365 2053 persequitur
1397 1979 1459 2034 et
1496 1988 1687 2052 usque
1723 1971 1796 2034 ad
1835 1970 2050 2035 urbem
2077 1970 2336 2055 repellit,
2375 1972 2568 2037 donec
2592 1982 2727 2038 tan—

373 2073 515 2138 dem
549 2072 625 2137 ab
663 2071 917 2137 Hectore
964 2082 1026 2137 et
1058 2072 1389 2157 Euphorbo
1437 2072 1846 2139 obtruncatur.
1943 2075 2117 2140 Nunc
2163 2075 2403 2140 demum
2443 2072 2732 2159 frangitur

372 2176 610 2242 Aelu’llis
659 2176 915 2255 animus,
963 2177 1091 2242 hoc
1133 2163 1487 2261 guvissimo
1525 2176 1767 2242 vulnere
1809 2186 2080 2261 accepto,
2133 2197 2298 2244 nunc
2344 2180 2726 2263 pertinaciam

370 2299 546 2347 suam
584 2280 832 2373 damnat
839 2308 844 2313 ·
872 2280 1138 2366 nihilque
1175 2280 1430 2363 amplius
1481 2300 1660 2364 quam
1698 2301 1863 2347 arma
1911 2293 1972 2347 et
2006 2283 2300 2366 proelium
2341 2285 2564 2367 poscit,
2606 2303 2726 2368 quo

370 2392 630 2451 mortem
655 2384 831 2450 amici
857 2385 1194 2452 uldscatur.
1222 2418 1308 2432 —-
1335 2384 1445 2449 Est
1481 2385 1755 2468 profecto
1783 2386 1929 2451 haec
1964 2406 2169 2453 rerum
2199 2387 2383 2454 series
2413 2387 2728 2462 eiusmodi,

369 2507 552 2587 quam
580 2488 983 2556 facilem-edas
1010 2489 1232 2556 idcirco
1263 2489 1353 2554 sic
1375 2508 1414 2554 a
1443 2498 1622 2572 poeta
1651 2501 1985 2556 contextam
2016 2512 2183 2568 esse,
2213 2502 2285 2556 ut
2311 2512 2427 2577 pro
2457 2495 2726 2577 exemplo

366 2602 555 2671 aest,
602 2611 780 2677 quam
818 2593 1007 2658 invisa
1046 2593 1395 2659 caelestibus
1431 2594 1827 2660 immoderata
1864 2595 1958 2659 illa
1994 2596 2340 2661 mortalium
2390 2597 2724 2661 animorum

270 2781 275 2786 ἡ
366 2699 569 2777 elatio,
605 2716 904 2782 quamque
939 2698 1089 2781 ipsis
1127 2697 1509 2783 plerumque,
1550 2698 1653 2783 qui
1691 2700 1942 2764 modum
1979 2700 2351 2777 emouerent,
2389 2701 2728 2785 peruiciosa

368 2812 559 2882 esser,
581 2810 644 2868 et
669 2802 971 2881 tamemsi
995 2821 1204 2891 verum
1232 2803 1427 2867 dicere
1455 2803 1747 2882 volumus,
1775 2802 1838 2866 in
1867 2803 2015 2887 ipsis
2046 2804 2409 2870 omninibus
2438 2814 2539 2869 aut
2565 2805 2725 2869 nulla

367 2917 471 2973 aut
504 2926 794 2992 perparva
830 2906 1011 2971 huius
1048 2906 1137 2971 rei
1173 2906 1385 2971 iudicia
1426 2906 1977 2990 deprehenduntur.
2063 2908 2235 2974 Unus
2266 2916 2362 2974 est
2386 2910 2583 2988 locus,
2621 2908 2723 3000 ubi

274 3028 337 3083 13
371 3010 805 3096 implacabilem
843 3011 967 3075 odii
1000 3009 1379 3076 acerbitatem
1418 3011 1686 3094 iramque
1720 3011 1902 3075 nimis
1941 3013 2303 3095 pertinacem
2334 3013 2661 3097 improbari
2691 3033 2724 3078 a

369 3116 619 3182 divis-et:
636 3115 907 3198 cutigari
936 3114 1243 3190 audimus,
1270 3114 1339 3196 ‚in
1366 3114 1685 3180 Phoenicis
1716 3114 2012 3191 oratione,
2054 3136 2170 3200 qua
2197 3117 2250 3181 is
2280 3116 2563 3181 Achillem
2594 3116 2723 3199 pla-

356 3238 519 3285 cere-
540 3219 762 3284 stustra
803 3229 1074 3297 conatur,
1101 3218 1202 3297 lx,
1233 3219 1624 3298 502—5143
1652 3226 1712 3283 et
1740 3219 1965 3302 passim
1989 3220 2078 3284 vel
2109 3221 2169 3283 in
2200 3220 2410 3285 eodem
2440 3220 2591 3285 libro
2622 3220 2723 3296 lx,

367 3325 459 3389 vel
495 3324 560 3389 in
592 3322 851 3407 Patrocli
891 3322 1163 3388 oratione
1194 3322 1295 3388 lib.
1336 3322 1484 3400 xvl,
1531 3322 1882 3406 obiurgatur
1916 3323 2174 3387 Achilles
2221 3332 2502 3408 tanquam
2542 3324 2724 3388 nimis

369 3430 571 3495 durm-
617 3437 796 3512 atque
851 3428 1235 3492 inhumanus.
1323 3427 1443 3492 Sed
1501 3427 1667 3491 illum
1716 3428 1918 3493 locum
1975 3428 2037 3491 in
2088 3427 2405 3493 Phoenicis
2459 3427 2728 3507 oratione

366 3520 710 3611 ‚Niusehius
748 3551 944 3615 nuper
983 3536 1069 3615 (p.
1105 3531 1254 3611 129)
1293 3531 1359 3595 in
1398 3531 1805 3614 suspicionem
1836 3531 2090 3608 vocavit,
2123 3541 2408 3614 tanquam
2438 3532 2512 3597 ab
2538 3533 2726 3597 inter-

368 3638 647 3720 polatore
673 3636 869 3719 aliquo
899 3636 1214 3712 insertum,
1242 3634 1402 3718 quod
1435 3635 1487 3699 si
1515 3635 1599 3699 ita
1627 3645 1743 3712 est,
1782 3636 1927 3700 nihil
1955 3645 2049 3700 est
2074 3637 2137 3699 in
2167 3643 2291 3699 tota
2320 3635 2525 3714 lliade,
2564 3637 2724 3720 quod

367 3741 577 3823 aliquo
605 3741 790 3805 modo
840 3740 1097 3805 divinam
1138 3738 1713 3803 animadversionem
1756 3739 2196 3822 castigandique
2234 3739 2472 3804 Achillis
2525 3740 2725 3804 cousi-
2838 3772 2846 3779 -

368 3845 516 3911 lium
552 3845 883 3928 significare
930 3842 1219 3937 dicamus.
1315 3842 1511 3906 Immo
1550 3841 1775 3927 Iupiter
1808 3843 1944 3926 ipse
1981 3842 2072 3907 sic
2105 3842 2362 3926 loquens
2410 3842 2725 3915 inducitur,

370 3951 520 4016 ausi
548 3968 676 4016 non
705 3948 849 4014 s‘atis
880 3947 1218 4012 consultum
1252 3946 1493 4011 Achillis
1520 3946 1742 4011 honori
1770 3954 2024 4024 censeat,
2052 3946 2172 4010 nisi
2200 3946 2453 4011 victores
2483 3945 2724 4011 'll-ciani

368 4053 439 4119 in
473 4063 669 4119 castra
707 4053 857 4118 adeo
897 4052 1260 4117 Graecorum
1308 4051 1661 4135 irruperint,
1702 4051 1863 4127 vm,
1915 4051 2297 4115 471--477.
2336 4053 2407 4128 cf,
2447 4049 2577 4126 XV,
2618 4048 2721 4114 63.

367 4158 576 4242 ltaque
603 4158 656 4223 si
683 4157 825 4244 illud
852 4165 1055 4221 tamen
1083 4155 1329 4238 cogitari
1368 4155 1444 4219 ab
1484 4153 1852 4220 auditoribus
1891 4163 2070 4238 poeta
2109 4155 2325 4232 voluit,
2362 4155 2459 4218 hic
2487 4172 2727 4236 quoque

368 4261 669 4339 reficenfia
697 4262 948 4345 quadam
989 4279 1129 4325 eum
1153 4278 1336 4325 usum
1372 4278 1511 4324 esse
1540 4258 1846 4323 fatendum
1886 4258 2021 4323 erit:
2103 4258 2375 4323 Forsitan
2413 4267 2608 4322 autem
2638 4258 2727 4322 sic

369 4366 572 4452 posius
602 4385 671 4430 se
697 4383 794 4429 res
823 4364 1060 4443 habeat,
1098 4373 1171 4429 ut
1202 4365 1501 4430 veteribus
1528 4363 1669 4442 illis,
1708 4364 1809 4448 qui
1839 4363 2018 4447 primi
2056 4364 2203 4428 haec
2231 4362 2488 4428 carmina
2519 4370 2724 4428 canta-
