3102 4866
1381 292 1469 363 03

616 482 1016 576 μουνογενὴς
1057 480 1136 553 δὲ
1180 478 1354 563 πάις
1392 477 1603 566 σώζοι
1644 476 1997 569 πατρώιον
2039 470 2247 563 οἶκον,

254 604 313 660 et
338 593 769 659 sententiarum
800 602 936 677 apta
967 589 1327 674 compositio
1357 590 1566 665 evadit,
1597 596 1657 654 et
1684 588 2042 654 scholiastae
2067 587 2219 653 ratio
2251 594 2504 653 constat.

408 699 493 763 ,ln
538 717 783 763 omnem
824 697 1108 779 reliquam
1147 694 1415 778 Operum
1448 702 1685 777 partem
1728 691 1890 757 nulla
1935 698 2304 757 memoratur
2344 701 2611 757 vetemm

252 803 598 868 criticorum
635 800 897 874 notatio,
936 805 1169 881 praeter
1210 814 1394 861 unam
1435 795 1768 860 Aristarchi
1809 794 1884 859 ad
1912 814 1969 858 v.
2001 795 2146 888 740,
2185 796 2261 861 de
2296 800 2415 881 qu‘a
2441 803 2645 861 ante--

251 927 436 1007 quam
475 906 612 972 dico
655 915 893 987 tangam
934 902 1105 987 prius
1144 894 1471 985 insigniora
1515 899 1803 983 quaedam
1841 898 2321 983 interpolationis
2351 900 2610 984 vestigia.

249 997 486 1079 Horum
519 1029 705 1075 unum
733 1008 991 1092 pertinet
1017 1005 1093 1072 ad
1120 1024 1176 1070 v,
1208 1006 1355 1069 405.
1398 1004 1473 1070 6:
1543 1027 1551 1036 ·

505 1101 715 1179 Οἶκον
752 1105 876 1194 μὲν
916 1101 1275 1198 πρώτιστα
1290 1100 1600 1230 “mazaei
1638 1128 1716 1174 τε
1755 1049 1921 1194 βοῦν
1947 1099 2018 1174 τ’
2062 1099 2378 1197 ἀροτῆρα,-

496 1208 764 1304 κιητήν,
808 1204 886 1278 οὗ
930 1203 1238 1298 γαμετήν,
1278 1204 1433 1297 ἥτις
1473 1205 1595 1275 καὶ
1638 1208 1879 1295 βουσὶν
1920 1185 2182 1293 ἔνιοιτο,

248 1334 510 1408 quornm
539 1337 821 1384 versuum
852 1316 1195 1408 alterumab
1220 1314 1534 1381 Aristotele
1562 1323 1625 1380 et
1650 1315 2071 1399 Theophrasto
2100 1324 2350 1382 autnon
2369 1317 2611 1394 lectum,

248 1432 355 1487 aut
402 1432 562 1489 certe
614 1441 742 1488 non
787 1416 923 1506 pro'
958 1420 1220 1503 genuino
1271 1417 1544 1483 habitum
1586 1438 1722 1484 esse
1759 1438 1830 1484 ex
1880 1420 2119 1485 alterius
2147 1421 2325 1487 Polit.
2387 1421 2432 1499 Ι,
2467 1423 2524 1499 1,
2549 1421 2615 1499 6,

249 1527 491 1593 alteiius
517 1510 745 1593 oecon.
776 1526 894 1591 c.*1
927 1524 1276 1589 iamdudum
1306 1543 1340 1588 a
1369 1522 1511 1587 viris
1542 1523 1910 1589 doctissimis
1947 1525 2308 1599 intellectum
2339 1534 2451 1591 est.
2537 1526 2616 1590 Et

249 1631 597 1696 damnatum
643 1649 781 1694 eum
834 1648 870 1692 a
920 1627 1276 1711 quibusdam
1324 1625 1542 1691 criticis
1595 1628 1782 1691 fuisse
1832 1629 2010 1694 etiam
2053 1629 2385 1695 Philodami
2434 1630 2612 1695 verba

248 1734 652 1800 ostenduntin
673 1732 824 1798 libro
848 1732 928 1796 lx
950 1732 1024 1796 de
1047 1731 1200 1795 vitiis
1222 1738 1282 1796 et
1302 1731 1454 1807 virt„
1474 1750 1535 1815 p.
1561 1732 1646 1795 46
1668 1732 1998 1798 edGoettl.:
2027 1727 2146 1798 καὶ
2175 1737 2327 1813 πῶς
2349 1729 2614 1818 δέχεται
2729 1719 2756 1744 ”

253 1832 750 1926 [Θεόφραστος]
820 1831 1112 1922 γαμετήν
1176 1826 1288 1923 ὑφ’
1333 1826 1673 1901 ‘Hocodw
1727 1828 2055 1922 λέγεοθαι
2072 1884 2091 1918 ,
2158 1835 2433 1905 πολλῶν
2492 1832 2613 1903 καὶ

247 1936 645 2031 φασκόντων
687 1932 892 2006 αὐτὸν
936 1935 1340 2028 γεγραφέναι
1379 1935 1684 2028 ,,κτητήν,
1728 1933 1809 2007 οὖ
1851 1935 2204 2029 γαμετήν.·“
2248 1942 2400 2007 Nam
2425 1961 2611 2026 quum

248 2065 311 2110 m
325 2046 394 2110 ul
411 2055 528 2110 tos
558 2045 655 2117 sic
669 2044 953 2109 statuisse
975 2044 1073 2121 ait,
1101 2043 1426 2108 nonnullos
1451 2051 1653 2109 tamen
1674 2046 1844 2110 aliter
1865 2046 2129 2110 sensisse
2150 2047 2309 2112 haud
2334 2047 2611 2130 ambigue

246 2149 485 2215 indicat.
572 2148 780 2233 Neque
808 2168 877 2213 ex
909 2169 1014 2222 eo,
1056 2148 1217 2231 quod
1250 2166 1284 2211 a
1313 2146 1529 2212 Proclo
1562 2159 1966 2215 memoratum
2006 2158 2126 2215 est·
2179 2145 2495 2235 λέγουσιν
2543 2141 2615 2217 oi
2672 2137 2675 2140 ⁴

246 2250 410 2340 περὶ
464 2246 755 2336 Τίμαιον
787 2244 1109 2336 ‘Hoto'dqp
1151 2245 1267 2315 τὸν
1310 2242 1780 2340 Ἀριστοτέλην
1821 2247 2241 2335 πειθόμενον
2280 2249 2454 2338 μετὰ
2494 2250 2615 2343 τήν

244 2379 365 2482 mg
422 2352 823 2483 refutatos-c
765 2350 1089 2441 censam
1125 2344 1534 2441 ιΕριιευλλιΉι
1587 2356 1885 2421 συνεῖναι
1932 2353 2018 2447 τῇ
2060 2351 2482 2449 θεραπαίνῃ,
2538 2354 2619 2443 ἐξ

226 2446 328 2551 ,ἧς
371 2454 576 2528 αυτὸν
618 2459 796 2544 σχεῖν
823 2450 990 2534 υιόν,
1022 2458 1343 2541 quidquam
1375 2459 1633 2542 amplius
1665 2461 1878 2528 confici
1908 2481 2095 2544 posse
2125 2474 2392 2548 apparet,
2430 2484 2611 2550 quam

246 2565 671 2651 interpolatum
702 2555 950 2629 locum'
935 2581 1053 2626 tam
1077 2561 1303 2626 Timaei
1335 2564 1706 2646 temporibus
1739 2563 1922 2630 fuisse
1939 2571 1966 2611 ⁸
1984 2567 2068 2644 ²).
2126 2568 2391 2652 Arguere
2411 2578 2613 2635 autem

245 2669 762 2754 interpolationem
812 2667 991 2730 etiam
1041 2673 1374 2731 structurae
1424 2666 1865 2732 inconcinnitas
1902 2669 2153 2736 videtur.
2203 2707 2293 2720 —
2342 2674 2604 2739 Alterum
2640 2685 2708 2740 22

216 2845 221 2850 ,
246 2772 720 2858 interpolationis
750 2769 1067 2852 vestigium
1098 2768 1357 2851 pertinet
1385 2770 1460 2833 ad
1486 2788 1623 2834 eum
1653 2771 1877 2851 locum,
1907 2774 2010 2857 qui
2039 2782 2133 2839 est
2162 2794 2215 2839 v.
2245 2776 2609 2855 633-640,

243 2863 343 2945 u'bi
373 2887 545 2962 pater
572 2875 822 2941 Hesiodi
853 2882 1138 2958 quaestus
1170 2890 1347 2938 causa
1385 2874 1752 2940 naviculatus
1793 2896 1955 2954 esse,
2005 2878 2326 2963 relictaque
2360 2890 2613 2965 propter

245 2991 652 3068 paupertatem
680 2980 870 3064 patria
900 2978 1106 3062 sedem
1136 2978 1356 3042 Ascrae
1383 2979 1623 3043 tandem
1662 2979 1868 3044 fixisse
1902 2980 2135 3046 dicitnr.
2204 2985 2608 3050 Memorabilis

244 3099 437 3156 autem
468 3088 543 3152 ad
594 3087 758 3151 hunc
793 3085 994 3149 locum
1045 3091 1140 3147 est
1189 3081 1545 3147 scholiastae
1587 3085 1928 3149 annotatio:
1956 3075 2273 3207 '‘,Eqmpog
2316 3081 2396 3154 δέ
2431 3106 2607 3176 φησι

243 3191 478 3260 τοῦτον
529 3182 627 3270 εἷς
654 3180 957 3276 ’Ἀσκρην
1005 3181 1238 3252 ἐλθεῖν
1281 3207 1360 3251 ου
1413 3176 1511 3251 δι’
1556 3170 1917 3273 ἐμπορίαν,
1988 3178 2162 3253 ἀλλὰ
2209 3185 2425 3280 φόνον
2485 3186 2614 3275 ἐμ-

244 3292 487 3387 φύλιον
513 3286 980 3380 ἐργασάμενον.
1040 3290 1276 3372 Pugnat
1307 3290 1428 3354 hoc
1455 3290 1682 3374 Ephori
1711 3292 2126 3358 testimonium
2156 3313 2296 3359 cum
2327 3314 2608 3360 versuum

244 3405 501 3467 istorum
528 3396 942 3483 professione,
972 3403 1042 3459 ut
1065 3394 1334 3459 videatur
1371 3414 1481 3458 eos
1510 3395 1607 3460 ille
1643 3404 1748 3461 aut
1789 3415 1915 3462 non
1956 3397 2216 3481 legisse
2199 3418 2263 3463 ιιι
2293 3398 2610 3482 Operibus,

243 3516 361 3581 aut,
395 3504 449 3568 si
473 3502 696 3585 legerit,
726 3498 1153 3583 suppositicios
1190 3499 1465 3581 nullaque
1493 3500 1614 3565 fide
1645 3501 1861 3584 dignos
1885 3502 2198 3568 iudicasse.
2219 3536 2310 3552 --
2333 3503 2610 3569 Nuncde

242 3609 473 3673 v..740
499 3609 603 3672 41.
626 3615 687 3671 et
711 3602 1037 3670 Aristarchi
1065 3601 1138 3667 ad
1168 3622 1308 3667 eum
1334 3602 1536 3739 locum
1565 3605 1874 3672 notatione
1895 3608 2217 3673 videndum
2240 3616 2353 3673 est.
2383 3609 2608 3674 Versus

244 3714 508 3780 bisunt:
588 3810 596 3818 ο

378 3989 466 4058 32)
504 3989 765 4046 Timaeum
800 3990 1025 4049 Siculum
1066 3992 1453 4064 intelligendum
1492 4013 1610 4053 esse
1650 4015 1749 4053 non
1793 4005 1969 4072 potest
1999 3999 2238 4057 dubitari.
2297 3996 2442 4057 linae
2473 3996 2609 4057 eain

245 4078 393 4135 etim
426 4082 527 4134 adv
529 4080 1039 4136 eun-Aristotelem
1069 4100 1152 4137 mo
1155 4101 1275 4137 rse
1277 4100 1342 4137 uo
1379 4083 1651 4159 ἔπιιῖτμα
1648 4104 1716 4142 ον
1750 4088 1911 4142 fnisse
1947 4091 2208 4144 exAthen
2211 4088 2463 4159 aeo,V111
2495 4090 2603 4161 61).

245 4168 360 4236 342,
384 4167 600 4239 Polybio
623 4165 746 4236 ΧΠ,
771 4168 820 4222 8.
846 4169 896 4236 9,
923 4170 1063 4225 Suid.
1088 4187 1131 4225 s.
1156 4189 1208 4226 v.
1220 4168 1496 4247 Ἀριστοτ.
1520 4174 1770 4228 videmus.
1796 4174 1875 4228 cf.
1903 4174 2137 4230 Goeller.
2173 4178 2256 4232 de.
2272 4171 2415 4246 orig.
2441 4185 2497 4232 et
2519 4179 2606 4232 sit.

246 4254 716 4374 &usnemun-9.
