3102 4866
1611 313 1776 399 aso

493 526 743 594 verbum
771 546 903 593 non
929 525 1184 592 absimili
1214 526 1650 610 signi'flcatione
1674 525 1838 610 apud
1863 522 2137 589 Tacitum
2165 519 2397 604 legitur,
2427 520 2584 586 Ann-
2613 519 2712 596 Vl,
2739 518 2864 584 22:

496 626 840 717 plurimis
890 631 1312 697 mortalium
1354 649 1504 696 non
1554 629 1928 706 eximitur,
1979 625 2155 712 quin
2210 624 2446 710 primo
2495 623 2868 709 cuiusque

497 745 663 802 ortu
689 754 828 802 ven
843 743 1005 801 tura
1035 735 1519 801 destinentur.
1578 735 1805 800 Fateor
1824 742 2029 799 tamen
2049 748 2176 795 non
2203 730 2408 796 minus
2438 737 2649 812 apunn
2672 728 2866 794 videri

494 840 673 925 quod·
697 839 1010 906 walkerus
1049 840 1321 918 coniecit,
1359 839 1531 904 erui.
1621 838 1858 905 Scilicet
1882 835 2390 921 qumadmodum
2419 833 2640 918 stirpes
2667 833 2866 897 firmi-

496 940 755 1030 ter‘solo
776 935 1157 1010 ⁴inhaerentes
1186 950 1569 1021 eruuntur,
1607 944 1671 1008 h.
1693 963 1748 1008 e.
1775 943 1834 1008 vi
1860 941 2052 1026 aliqua
2079 940 2309 1006 maiore
2334 936 2692 1014 eduntur,
2711 936 2872 1002 hinc

496 1047 781 1114 mahta
830 1048 1090 1140 imagine
1138 1049 1318 1114 etiam
1370 1047 1691 1133 opiniones
1729 1055 1857 1113 aut·
1874 1044 2124 1111 consilia
2159 1045 2287 1109 erui
2326 1043 2635 1121 d'ncuntur,
2671 1060 2870 1127 quum

499 1152 818 1237 quisquae
844 1154 1153 1238 amplexus
1191 1161 1325 1219 erat·
1358 1152 1758 1218 autvoluerat
1790 1151 2060 1217 amittere
2086 1169 2159 1214 ex
2188 1149 2394 1214 animo
2423 1148 2677 1232 cogitur.
2761 1145 2871 1211 Sic

497 1257 661 1343 apud
689 1257 1037 1323 Ciceronem
1068 1256 1147 1322 ad
1176 1257 1348 1323 Attic.
1378 1255 1507 1333 111.
1539 1255 1644 1334 36,
1679 1258 1705 1321 1
1742 1256 1982 1341 legitur3
2009 1247 2280 1320 Fanum
2309 1253 2474 1319 fieri
2501 1247 2702 1332 volo,
2731 1269 2864 1320 ne-

497 1346 753 1446 queid
782 1362 960 1427 mihi
996 1361 1154 1430 etui
1194 1369 1473 1446 potest:
1507 1379 1870 1446 quamquam
1902 1360 1977 1425 de
2005 1360 2353 1426 anctoritate
2379 1356 2569 1423 huius*
2590 1358 2868 1425 lectionis

497 1466 805 1533 nonsatis
832 1474 1096 1544 constat,
1136 1468 1493 1551 fueruntque
1531 1455 1779 1550 quiaut
1817 1464 2003 1548 eripi
2042 1472 2145 1529 aut
2179 1464 2358 1529 etiam
2397 1463 2558 1528 exui
2597 1463 2866 1542 mallent,

484 1577 758 1657 'quormn
795 1568 918 1635 hoc
954 1570 1203 1636 alterum
1240 1570 1480 1655 quidun
1519 1569 1680 1634 hand
1720 1566 1899 1633 dubie
1926 1567 2336 1652 spernendum
2364 1575 2477 1632 est.
2538 1567 2867 1633 Sed'com-

496 1676 694 1759 parari
724 1693 861 1741 eum
891 1682 1106 1740 nostro
1142 1675 1280 1740 loco
1321 1682 1586 1759 possunt
1624 1691 1778 1757 quae
1810 1671 2152 1737 Lactantius
2190 1670 2401 1748 habet,
2440 1669 2870 1737 Ciceronianae

497 1773 777 1845 dictionis
786 1778 1229 1858 Naemulus,1.1)
1243 1778 1314 1855 ll,
1343 1778 1540 1843 6.1ο·
1563 1792 1813 1841 omnes
1842 1776 2240 1860 religiones
2269 1774 2631 1854 radicitus
2661 1775 2870 1841 erui·

498 1884 629 1962 sti,
666 1884 744 1949 de
778 1884 1145 1969 philosopho
1187 1892 1395 1948 contra
1429 1879 1753 2006 religiones
1783 1879 2124 2008 disputante
2151 1898 2371 1963 easque
2397 1899 2470 1944 ex
2501 1880 2720 1945 animis
2747 1881 2866 2004 ho—

498 1977 732 2054 minum
762 1988 1061 2054 evellente.

542 2085 595 2130 ³³
662 2092 818 2177 Cap.
848 2091 1023 2169 xm.
1053 2091 1157 2158 43.
1187 2090 1524 2175 ambigitur,
1558 2098 1762 2154 utrum
1791 2090 2012 2154 rectius
2042 2089 2151 2154 sit.
2188 2107 2278 2154 ne
2314 2088 2672 2173 nymphae
2700 2083 2870 2173 qui-

499 2195 659 2261 dem
689 2196 859 2263 deae
887 2196 1141 2280 igitur,
1172 2194 1684 2280 quemadmodum
1715 2192 1779 2257 in
1819 2194 2126 2278 plerisque
2160 2193 2465 2260 codicibus
2493 2202 2554 2259 et
2580 2193 2869 2259 editioni·

498 2299 625 2365 lma
646 2300 940 2384 scriptum
968 2309 1081 2376 est,
1097 2318 1201 2365 ant
1229 2317 1317 2365 ne
1342 2299 1700 2384 nymphae
1721 2299 1892 2364 deae
1919 2298 2204 2384 quidem
2234 2299 2488 2383 igitur,
2517 2318 2698 2384 quam
2725 2291 2874 2364 ‘rer-
2929 2366 2940 2375 ‚

473 2399 716 2486 ‚borum
746 2404 1195 2471 collocationem
1208 2454 1226 2484 ‚
1260 2405 1322 2469 iu
1351 2404 1613 2490 quinque
1638 2401 1857 2468 Moseri
1887 2396 2196 2469 codicibus
2224 2402 2555 2481 inventam,
2597 2391 2871 2470 Klotzius

499 2518 1012 2594 praestare'putat
1047 2519 1366 2595 propterea
1411 2508 1937 2595 quod'particulae
1966 2526 2053 2574 ne
2091 2542 2172 2557 -
2207 2507 2493 2593 quidem
2532 2516 2591 2573 et
2640 2508 2868 2593 igitur

497 2631 627 2679 non
647 2613 957 2680 delium-int
983 2614 1183 2698 aliquo
1211 2613 1570 2697 interposito
1598 2612 1886 2678 vocabulo
1916 2613 2194 2695 disiungi.
2253 2612 2329 2677 Et
2351 2617 2499 2678 san'e
2527 2613 2676 2678 mihi
2705 2630 2863 2697 quo-

498 2736 616 2804 que
639 2716 863 2784 hoe-ab
890 2738 1010 2784 usu
1039 2720 1405 2804 optimorum
1435 2718 1801 2803 scriptorum
1829 2718 2155 2784 abhorrere
2182 2718 2428 2796 videtur,
2452 2735 2571 2784 nec
2596 2717 2864 2795 memini,

405 2829 467 2884 ιι
507 2822 702 2907 quiin
732 2822 1077 2888 huiusmodi
1120 2824 1544 2889 sententiarum
1587 2823 2088 2900 conformatione,
2124 2823 2228 2888 nbi
2257 2823 2632 2888 antecederet
2658 2839 2748 2887 ne
2776 2858 2864 2872 —

500 2926 817 3012 quidem,
843 2911 1190 2992 rationalem
1224 2926 1738 3004 coniunctionem,
1768 2927 1819 2992 si
1861 2945 1929 2990 ea
1958 2927 2247 2992 utendum
2286 2937 2474 3006 esset,
2504 2946 2631 2992 nou
2659 2924 2864 2992 ‘statim

382 3028 413 3111 J
498 3032 610 3097 mis
638 3031 1035 3108 subiunxerit,
1063 3031 1571 3115 quemadmodum
1602 3051 1636 3096 a
1665 3031 1950 3096 Cicerone
1988 3034 2206 3097 sactum
2235 3032 2507 3097 videmus
2538 3030 2739 3116 paullo
2765 3031 2868 3096 in·

376 3127 392 3143 “
500 3130 593 3203 fra
617 3141 677 3216 ᾖ.
709 3139 823 3202 44:
854 3155 943 3202 ne
974 3155 1193 3201 orcus
1222 3135 1512 3220 quidem
1543 3135 1774 3218 igitur.
1863 3135 2107 3201 Tuscul.
2138 3135 2183 3211 1,
2213 3135 2319 3213 36,
2350 3132 2467 3202 88:
2497 3154 2588 3200 ne
2615 3153 2868 3201 carere

502 3241 786 3326 quidem
813 3239 1041 3324 igitur
1066 3239 1139 3304 in
1167 3247 1460 3304 mortuo
1488 3247 1619 3304 est.
1644 3239 1720 3304 de
1747 3240 1923 3304 Finn.
1954 3240 2045 3317 lv,
2076 3240 2180 3317 24,
2210 3240 2446 3306 67:110
2483 3239 2659 3305 vitia
2697 3240 2871 3324 qni-

458 3372 470 3381 ·
500 3346 657 3411 d'em
695 3346 925 3429 igitur
961 3341 1292 3410 crescere
1330 3350 1702 3429 poterunt.
1792 3344 1955 3409 Licet
1992 3345 2170 3429 igitur
2196 3345 2516 3422 rationem,
2546 3363 2656 3409 cur
2680 3344 2739 3408 id
2771 3344 2867 3409 sic

368 3526 377 3535 ι
500 3450 862 3534 dei-i'utique
887 3448 1175 3526 debuerit,
1205 3467 1332 3514 non
1362 3449 1746 3533 perspiciam,
1777 3448 2070 3533 aliosque,
2097 3450 2161 3514 in
2192 3448 2409 3533 quibus
2439 3450 2506 3514 F.
2538 3447 2862 3535 Raudium,

496 3554 917 3640 particularum
956 3546 1399 3619 observatorem
1441 3539 1991 3637 diligentissimum,
2031 3552 2286 3618 Turseli.
2325 3552 2426 3631 111,
2460 3572 2521 3637 p.
2565 3552 2711 3632 198,
2741 3571 2864 3618 no-

358 3659 369 3672 '
497 3668 700 3725 strum·
720 3659 919 3723 locum
960 3656 1049 3721 sic
1085 3664 1154 3721 ut
1191 3657 1362 3738 vulgo
1402 3658 1664 3742 scriptus
1704 3664 1799 3722 est
1834 3675 1963 3722 non
1991 3657 2586 3741 suspectumhabere
2613 3642 2890 3736 videam,*

498 3754 625 3828 non
658 3760 976 3827 intercedo
1025 3766 1251 3837 tamen',
1307 3761 1634 3843 quominus
1674 3761 2067 3845 corrigendus
2109 3762 2206 3849 sit.
2286 3746 2491 3847 Neque
2535 3771 2738 3828 tamen
2777 3751 2868 3827 il·-⁴

498 3867 621 3933 lud’
638 3862 847 3931 verum
886 3884 1023 3930 esse
1058 3864 1438 3948 puto‚-quod
1474 3864 1742 3929 Klotzius
1787 3865 2088 3950 probavit:
2144 3883 2234 3930 ne
2286 3866 2641 3951 nymphae
2690 3867 2867 3933 deae

501 3971 789 4057 quidem
817 3989 931 4055 pro
960 3969 1116 4051 vulg.
1152 3986 1244 4033 ne
1281 3967 1636 4052 nymphae
1671 3970 1955 4053 quidem
1987 3969 2180 4034 deae.
2270 3970 2556 4048 Quaeres,
2585 3972 2728 4056 quid
2758 3972 2859 4037 in·

501 4072 729 4141 tersit?
776 4074 934 4152 Hoc,
964 4074 1028 4138 ni
1057 4072 1257 4147 fallor,
1288 4082 1356 4138 ut
1383 4073 1551 4157 prius
1586 4072 1727 4137 illud
1759 4073 1833 4138 ab
1863 4093 1942 4139 eo.
1967 4075 2211 4139 demum
2242 4084 2404 4140 recte
2431 4076 2546 4140 dici
2575 4075 2863 4159 potuerit,

501 4180 603 4264 qui
632 4181 773 4245 deas
804 4178 957 4254 illas,
988 4166 1141 4263 quae
1166 4179 1465 4262 nymphae
1501 4177 1865 4255 dicerentur,
1893 4196 2029 4242 esse
2055 4188 2296 4261 negaret
2323 4179 2384 4244 h.
2418 4201 2471 4245 e.
2501 4179 2692 4244 nullas
2721 4199 2864 4245 esse

396 4310 399 4315 >
500 4284 846 4361 affirmaret3
868 4292 1077 4348 contra
1106 4300 1196 4348 ne
1223 4283 1574 4367 nymphae
1601 4282 1884 4366 quidem
1915 4282 2086 4346 deae
2114 4282 2188 4347 ab
2218 4302 2290 4348 eo
2315 4283 2637 4349 dicendum
2655 4284 2863 4360 ruerit,

503 4387 607 4471 qui
633 4388 709 4451 de
737 4408 833 4461 eo,
862 4395 1142 4453 essentne
1168 4387 1467 4471 nymphae
1494 4404 1571 4451 au
1599 4404 1724 4450 non
1756 4393 1988 4461 essent,
2020 4386 2166 4451 nihil
2197 4387 2492 4452 afflnnare
2519 4387 2721 4465 vellet,
2751 4389 2863 4454 sed

3005 928 3010 932 .
3023 926 3075 935 q.-
