3102 4866
1533 300 1656 365 100

406 504 468 561 et
493 485 734 581 ineptae
755 502 822 560 et*
842 493 1117 576 Aeschyli
1146 491 1388 575 quidem
1417 498 1613 555 aetate
1637 487 2129 578 prudentioribus
2170 491 2453 556 omnihus
2494 446 2785 558 summ&

402 598 562 685 per‘e
585 598 977 685 improbatae,
1006 596 1137 661 risu
1164 595 1370 679 potius
1398 603 1501 661 aut
1523 604 1895 677 comtemptu
1922 612 2104 677 quam
2126 594 2290 659 cultu
2312 604 2373 660 et
2393 596 2779 663 veneratio*

403 705 652 788 dignum
691 702 1133 787 proponebant.
1219 701 1308 766 De
1353 700 1452 765 illo
1494 708 1694 764 autem
1732 699 1869 763 love
1908 698 2264 782 Aeschyleo,
2305 702 2573 783 quamvis
2611 700 2775 766 ess!

401 827 508 885 eo,·
555 827 733 892 quem
783 805 1130 890 philosophi
1182 804 1482 881 dicebant,
1536 804 1840 887 aliquanto
1879 803 2156 881 inferior,
2200 812 2529 885 potuerunt
2565 788 2769 871 tame!

397 912 673 997 protecto
713 931 784 976 ea
824 910 1029 985 omnia
1056 908 1411 994 praedicari,
1456 927 1609 992 quae
1635 906 2018 973 Hel-mannus
2058 907 2484 973 tantummodo
2525 909 2603 973 de
2629 911 2771 975 un!

396 1120 617 1205 pieuda
646 1129 784 1185 esse
815 1117 1124 1202 opinatur·
1158 1118 1222 1182 in
1254 1136 1378 1201 quo
1417 1126 1707 1200 quantum
1738 1115 2096 1180 aberraverit
2131 1114 2206 1180 ab
2236 1115 2510 1199 Aeschyli
2562 1125 2763 1180 mente

328 1283 339 1293 .
395 1225 527 1308 ipsa
563 1222 661 1289 ill'a
699 1223 819 1290 duo
861 1222 1086 1288 cantica
1113 1222 1500 1287 manifestum
1528 1221 1766 1285 facient.
1854 1220 2008 1285 Nam
2045 1220 2111 1283 in
2137 1221 2344 1302 Agam.
2375 1241 2431 1286 v.
2467 1222 2591 1286 155
2622 1240 2758 1306 sqq.

396 1327 775 1412 apertissime
802 1326 1121 1402 indicatur,
1163 1336 1301 1390 ante
1326 1324 1530 1389 lovem
1557 1324 1752 1399 illum,
1795 1342 1974 1407 quem
2013 1324 2234 1389 chorus
2264 1333 2387 1389 tam
2416 1326 2534 1408 piis
2563 1325 2761 1409 preci-

396 1431 514 1497 bus
565 1432 829 1509 invocat,
880 1431 1038 1495 duos
1090 1430 1241 1494 alios
1293 1428 1483 1493 fuisse
1531 1427 1743 1491 muudi
1793 1426 2113 1503 dominos,
2152 1427 2423 1492 Uranum
2475 1429 2759 1511 primum,

283 1572 286 1573 ν
396 1526 588 1613 ὅστις
626 1528 975 1621 πάροιθεν
1014 1519 1100 1620 ἦν
1136 1527 1363 1617 μέγας,
1391 1550 1448 1596 v.
1485 1530 1630 1607 162,
1670 1550 1741 1595 ac
1769 1529 1983 1595 deinde
2025 1531 2383 1608 Saturnum,
2422 1524 2502 1610 ὃς
2543 1524 2760 1597 ἔπειτέ
2795 1551 2799 1554 ’

399 1628 1033 1727 ἴφυ,τ.165,Ῐονειιι
1066 1645 1266 1701 autem
1291 1635 1527 1700 tertium
1553 1634 1834 1710 extitisse,
1879 1636 2164 1700 victorem
2188 1635 2541 1712 decessoris,
2568 1656 2758 1723 τρια·-

392 1740 628 1831 2²·eroe,
660 1751 720 1807 et
750 1750 1069 1827 propterea
1099 1733 1474 1818 ἐπινικίοις
1501 1739 1939 1816 celebrandum,
1967 1759 2020 1803 v.
2059 1740 2211 1817 1673
2252 1749 2321 1804 ut
2347 1740 2479 1805 iure
2520 1739 2755 1803 mireris

390 1847 457 1912 in
477 1863 546 1912 re
574 1856 700 1912 tam
722 1845 1034 1911 manifesta
1063 1863 1329 1909 errorem
1361 1844 1636 1926 cuiquam
1676 1842 1851 1906 obiici
1880 1842 2155 1925 potuisse
2191 1844 2286 1909 ina
2325 1843 2608 1921 formula,
2638 1862 2754 1926 qua

390 1950 667 2015 chorus
648 1969 715 2016 ιιι
752 1950 1085 2015 invocando
1114 1951 1328 2026 utitur,
1378 1942 1550 2024 Ζεὺς
1595 1938 1789 2023 οστις
1828 1937 1995 2010 πότ’
2039 1941 2247 2022 ἐστιν,
2298 1966 2478 2030 quae,
2519 1947 2753 2013 etiamsi

390 2055 655 2138 potuerit
692 2055 976 2138 usurpari
1012 2054 1089 2118 de
1126 2052 1227 2117 illo
1256 2049 1585 2116 Hermanni
1622 2049 1738 2113 deo
1778 2049 2055 2114 universe
2090 2049 2276 2127 dicto,
2311 2051 2515 2115 locum
2544 2058 2748 2131 tauien

389 2157 644 2223 habebat
670 2157 848 2223 etiam
877 2159 938 2222 in
972 2156 1183 2241 quovis
1213 2174 1338 2221 uno
1357 2154 1433 2219 de
1451 2152 1835 2238 popularium
1854 2152 2106 2218 deorum
2130 2173 2401 2231 numero,
2420 2164 2747 2239 etusurpa-

253 2247 262 2255 *
388 2261 582 2327 batur·
615 2261 696 2327 ab
734 2261 1082 2327 bominibus
1135 2259 1456 2342 religiosis,
1509 2257 1612 2339 qui
1668 2256 1919 2321 nomina
1971 2256 2223 2322 deorum
2274 2258 2350 2322 ab
2401 2257 2750 2325 bominibus

387 2374 619 2430 tantum
648 2365 931 2451 imposita
960 2383 1096 2428 esse
1133 2370 1505 2448 reputarent,
1557 2380 1768 2445 neque·
1787 2359 1925 2425 sciri
1955 2380 2157 2444 posse,
2189 2371 2506 2447 acceptans
2533 2363 2647 2427 diis
2686 2372 2746 2428 et

382 2478 630 2536 naun-ae
652 2492 656 2496 ’
678 2489 892 2535 eorum
943 2468 1352 2534 convenientia
1401 2476 1630 2542 essent,
1679 2464 1739 2530 id
1770 2465 1935 2548 quod
1973 2465 2150 2530 etiam
2204 2465 2358 2549 ipsi..
2361 2468 2531 2532 chori
2569 2469 2746 2532 verba

384 2574 735 2657 significant,
767 2595 829 2640 ει
805 2565 1000 2639 ’τόδ’
1042 2565 1228 2659 αὐτῷ
1256 2564 1460 2660 φίλων
1486 2564 1883 2657 κεκλημένῳ,
1927 2563 2132 2634 τοῦτό
2160 2591 2265 2633 nr
2291 2567 2741 2658 προσεννέπω.

243 2651 250 2656 v
383 2676 460 2740 ln
481 2676 868 2761 supplicibus
905 2685 1102 2742 autem
1130 2696 1185 2739 v,
1218 2674 1346 2739 519
1376 2694 1508 2777 sqq.
1549 2673 1808 2738 eundem
1849 2674 2059 2751 deum,
2108 2674 2209 2757 qui
2247 2680 2317 2739 ut
2365 2666 2538 2753 ἅναξ
2577 2666 2742 2740 ἄνοι-

383 2781 577 2860 ntor,
608 2774 944 2868 μακάρων
969 2773 1400 2864 μακάρτατος
1424 2773 1544 2843 και
1586 2772 1826 2843 τελέων
1848 2771 2256 2844 τελεώτατον
2296 2772 2538 2863 κράτος
2564 2780 2741 2844 invo-

261 2897 271 2906 ·
305 2867 323 2882 ’
378 2891 570 2959 catur,
594 2881 661 2948 in
690 2883 903 2948 eodem
936 2883 1165 2947 cantico
1196 2882 1417 2947 chorus
1447 2881 1897 2964 progenitorem
1929 2899 2107 2945 suum
2145 2890 2204 2946 et
2230 2882 2329 2947 Ius
2360 2876 2737 2973 ἐφάπτορα,

378 2996 434 3051 r.
466 2986 615 3066 530,
645 2987 917 3071 appellat,
948 2986 1271 3068 multisque
1291 2985 1486 3051 verbis
1517 2984 1616 3049 Ius
1647 3003 1994 3061 aerumnas,
2026 2994 2278 3069 propter
2317 2987 2498 3052 huius
2542 2987 2735 3072 ipsius

298 3085 304 3089 ’
376 3089 536 3155 lovis
551 3107 832 3155 umorem
863 3090 1204 3182 esantlatas,
1232 3089 1633 3173 auxiliumque
1660 3091 1902 3154 tandem
1932 3089 2007 3153 ab
2039 3090 2250 3155 eodem
2273 3091 2328 3156 ei
2355 3092 2539 3156 latum
2563 3111 2734 3157 com·

374 3203 672 3259 memorat
707 3213 760 3258 v.
804 3193 949 3257 566.
1039 3192 1193 3257 Hine
1241 3201 1514 3277 apparet,
1564 3211 1754 3258 unum
1794 3193 1985 3258 ubivis
2024 3194 2313 3277 Aeschylo
2341 3194 2541 3260 lovem
2582 3216 2734 3275 esse,

377 3297 628 3362 Saturni
649 3307 709 3362 et
734 3297 939 3362 Rheae
969 3296 1175 3374 fllium,
1204 3296 1390 3379 patris
1420 3308 1481 3360 et
1510 3296 1791 3361 Titanum
1815 3298 2119 3375 victorem,
2147 3298 2492 3364 Promethei
2520 3299 2732 3366 adver-

374 3401 751 3477 mumius
789 3409 1150 3477 amatorem,
1202 3399 1457 3465 eundem
1487 3400 1777 3484 denique,
1808 3421 1986 3485 quem
2016 3403 2458 3469 Prometheus
2440 3423 2508 3469 ιιι
2534 3406 2729 3471 rabula

375 3505 737 3588 cognomine
742 3504 1092 3570 'maledictis
1125 3506 1451 3570 insectatur
1493 3505 1857 3589 exitiumque
1885 3506 1940 3570 ei
1970 3507 2235 3572 minatur
2276 3508 2348 3573 ad
2389 3510 2726 3594 exemplum

370 3621 604 3685 eorum,
636 3608 741 3692 qui
769 3610 1128 3692 anteipsum
1158 3609 1548 3690 regnaverint.
1638 3609 1751 3673 Hic
1777 3609 1935 3674 idem
1965 3619 2075 3689 est,
2104 3631 2232 3677 non
2261 3613 2431 3691 alius,
2463 3614 2578 3692 „de
2605 3634 2725 3697 quo

366 3710 529 3776 ιΙΙιιι
509 3730 573 3775 ιιι
600 3712 875 3794 versibus
895 3712 1223 3796 Aeschylus
1253 3732 1489 3798 summa
1526 3714 1851 3779 reverentia
1880 3715 2171 3798 loquitur,
2212 3736 2396 3801 aeque
2431 3726 2501 3783 ιιι
2551 3719 2725 3783 Chri-

358 3813 562 3893 stiani,
590 3815 1094 3899 perfectissimum
1126 3824 1189 3881 et
1216 3816 1665 3882 sanctissimum
1696 3835 1921 3882 numen
1950 3828 2305 3885 venerans.“
2363 3822 2594 3898 Quodsi
2628 3824 2723 3886 cui

361 3926 563 3983 tamen
606 3937 873 4002 pugnare
917 3918 1076 3983 inter
1113 3939 1179 3984 se
1210 3918 1485 3984 videntur
1520 3919 1667 3984 haec
1709 3923 2129 4004 perfectissimi
2183 3924 2276 3988 dei
2329 3926 2623 3989 venerau‘o
2661 3935 2722 3990 et
2822 3952 2833 3958 ·

355 4020 472 4087 ista
522 4041 726 4088 rerum
778 4023 1180 4088 fabulosarum
1232 4023 1726 4088 commemoratio
1743 4071 1762 4105 ‚
1824 4044 1954 4090 nou
2007 4027 2371 4092 intercedam
2421 4028 2716 4111 equidem,

355 4127 682 4220 quominus
710 4127 762 4192 is
792 4127 1153 4211 Aeschylum
1181 4129 1570 4212 repugnantia
1601 4138 1663 4193 et
1690 4149 1904 4212 parum
1927 4131 2331 4196 convenientia
2351 4149 2716 4216 componere

353 4237 414 4293 et
463 4231 777 4296 conciliare
827 4250 952 4296 non
993 4241 1153 4297 mete
1182 4241 1464 4297 conatum
1509 4252 1647 4297 esse
1688 4243 1925 4316 arguat:
1984 4236 2139 4300 duos
2183 4245 2383 4299 autem
2422 4237 2717 4321 Aeschylo

348 4330 519 4395 loves
553 4333 874 4400 obtrudere
901 4354 1082 4399 nemo
1112 4335 1367 4413 audebit,
1399 4336 1516 4400 nisi
1548 4336 1649 4420 qui
1677 4339 1804 4402 eius
1836 4338 1900 4402 ιιι
1930 4339 2249 4405 tractandis
2280 4340 2464 4405 rebus
2497 4341 2713 4408 divinis

2934 484 2939 489 ’
2968 482 3067 515 ,ς’-’τυ

2984 666 3015 672 ,ι
3052 632 3099 679 ¹¹?

2896 694 2923 728 t.
3042 678 3101 891 Ξ

3012 894 3101 983 '⁵53¹

400 1014 570 1080 versa
607 1014 801 1080 divina
840 1024 1053 1080 natura
1092 1022 1194 1080 aut
1231 1013 1308 1078 de
1341 1013 1471 1090 tali,
1510 1012 1741 1097 qualem
1773 1010 2092 1077 Christiani
2131 1012 2408 1089 colimus,
2440 1011 2554 1076 deo
2609 1014 2769 1077 accii
2821 1062 2841 1074 ,
2959 1018 2971 1032 “
3009 964 3102 1070 ’ξι

2916 1072 2981 1097 *0²⁷
3012 1038 3067 1101 ἐξ
3085 1074 3102 1097 Ἰ
