3102 4866
1411 303 1535 366 155

470 494 674 560 Paullo
701 502 873 580 post,
901 495 1046 560 item
1071 495 1138 560 in
1165 492 1560 570 commaticis,
1588 512 1644 557 v·
1679 491 1873 571 1479,
1902 492 2140 558 codices
2160 492 2306 557 haec
2332 488 2580 631 δώσω.

410 614 418 623 ·
702 593 1024 685 βιάζεται
1065 590 1133 663 δ’
1177 589 1605 684 ὁμοσπόροις
1670 624 1763 639 ·
1860 630 1863 635 -
1904 622 1911 659 2
2040 630 2047 641 ·
2090 634 2095 641 »
2202 628 2207 637 -
2388 648 2419 655 ..
2464 620 2473 647 ι

705 697 1135 792 ἐπιρροαῖσιν
1177 693 1484 786 αιμάτων
1604 711 1611 737 ’·
1669 699 1675 705 ”

703 801 911 931 μέλας
929 798 1164 895 Ἄρης·
1210 799 1384 873 όποι
1428 801 1508 871 δὲ
1545 826 1667 870 και
1708 726 2140 892 προσβαίνων
2238 856 2247 867 .

706 905 934 992 πάχνα
974 906 1363 1000 κουροβόρῳ
1409 903 1797 997 παρέξει.

293 1006 739 1104 Προβαίνων
721 1035 841 1081 iam
870 1014 1096 1081 dudum
1126 1015 1411 1081 Canterus
1438 1014 1738 1100 reposuit,
1767 1006 1993 1095 πάχνα
2010 956 2419 1087 Hei-mannus,
2441 1029 2664 1075 erno-

293 1139 444 1185 rem
485 1121 605 1185 hoc
631 1118 920 1186 vocabulo
951 1119 1269 1204 significari
1298 1120 1585 1197 credens,
1617 1119 2093 1200 sententiamque
2119 1115 2212 1181 sic
2232 1107 2663 1198 interpretans:

294 1233 367 1289 et
393 1242 682 1306 quoquo
711 1224 1192 1307 progrediens
1220 1223 1563 1289 nativoro
1597 1221 1840 1287 cruori
1871 1241 1992 1287 eas
2022 1217 2419 1296 exhibebit,
2447 1235 2668 1302 nempe

297 1318 733 1415 ὅμοσπόρους
758 1320 1085 1415 ἐπιρροαῖς
1112 1317 1435 1411 αἱμάτων.
1503 1318 1744 1406 »Ὅποι
1790 1320 1867 1391 δὲ
1893 1319 2013 1390 καὶ
2055 1315 2516 1410 προβαίνωνιῑ,
2568 1323 2666 1387 in·-

298 1432 493 1515 qnit„
495 1432 681 1509 ‚idem
711 1440 807 1497 est
833 1440 1011 1516 atque
1039 1423 1205 1498 ὅποι
1236 1421 1303 1495 δ’
1349 1418 1433 1496 ἂν
1470 1425 1592 1495 καὶ
1619 1427 1911 1518 προβῇ.“
1981 1429 2047 1495 Id
2077 1428 2228 1494 mihi
2250 1446 2542 1513 perquam
2568 1426 2665 1490 in-
2702 1442 2764 1495 15

299 1536 577 1601 credibile
597 1536 856 1614 videtur,
886 1545 946 1602 σι
972 1529 1201 1616 πάχνα
1230 1536 1306 1602 de
1335 1516 1551 1603 cruore
1578 1536 1913 1673 inauditum
1943 1542 2103 1600 certe
2131 1553 2202 1600 ac
2221 1533 2355 1599 sine
2373 1530 2665 1614 exemplo.

297 1640 658 1725 Aeschylum
686 1640 1006 1725 scripsisse
1036 1641 1341 1726 suspicor:
1556 1690 1562 1697 .
1924 1670 1927 1677 ·
2216 1672 2223 1680 1
2260 1668 2266 1678 ·

704 1780 793 1793 —
876 1780 966 1793 —
1054 1738 1261 1830 ὅμοια
1303 1736 1367 1811 δ’
1413 1733 1499 1811 αὖ
1537 1666 1930 1835 προβαίνων

707 1845 923 1938 ποινᾷ
965 1844 1360 1938 κουροβόρῳ
1401 1844 1702 1936 παρέξει.

298 1953 360 2017 δ.
392 1972 445 2017 σ.
476 1960 548 2017 σι
573 1972 800 2036 porro
830 1953 1326 2049 progrediens
1367 1953 1641 2019 similia
1669 1970 1931 2017 rursus
1972 1948 2372 2028 exhibebit,
2409 1968 2666 2034 perse-

298 2058 588 2141 quendo
619 2075 926 2141 poenam
961 2046 1366 2123 liberorum
1395 2057 1935 2122 devoratorum.
2006 2049 2236 2119 Ποινα
2263 2046 2669 2139 κουροβόρος

297 2169 395 2226 est
423 2157 635 2227 ποινα
661 2154 918 2285 κούρων
943 2158 1365 2250 βρωθέντων,
1394 2170 1463 2226 ιιι
1490 2153 1744 2245 εὐάγων
1769 2181 1939 2243 τιμα
1922 2152 2120 2242 'apud
2144 2157 2471 2222 Pindarum
2495 2157 2665 2221 Nem.

297 2254 374 2344 X,
406 2263 484 2328 71
523 2272 618 2330 est
646 2260 816 2348 τιμά
851 2255 1108 2350 αγῶνος
1145 2261 1383 2345 καλοῦ,
1424 2265 1756 2350 similiaque
1795 2263 1954 2348 apud
1992 2261 2403 2337 Matthiaeum,
2446 2279 2537 2344 gr.
2579 2277 2670 2342 gr.

301 2373 342 2448 ξ
373 2368 500 2433 446
529 2377 640 2432 not
669 2367 727 2433 3.
760 2388 811 2435 c.
854 2360 1129 2454 ἷὍμοια
1158 2378 1482 2457 postquam
1520 2370 1586 2435 in
1627 2362 1800 2435 ὅποι
1829 2374 2179 2452 corruptum
2211 2367 2352 2444 fuit,
2392 2364 2571 2430 etiam
2602 2354 2668 2427 δ’
2726 2353 2738 2361 ’

302 2495 388 2539 αυ
425 2494 462 2537 a
500 2473 937 2539 correctoribus
973 2475 1146 2540 metri
1178 2493 1356 2539 causa
1386 2472 1450 2538 in
1483 2468 1561 2538 δὲ
1588 2464 1709 2536 καί
1732 2480 2029 2537 mutatum
2061 2480 2171 2537 est.
2342 2541 2347 2546 ,

478 2577 543 2642 V.
593 2577 780 2643 1491.
869 2577 1331 2663 Clytaemnestra
1369 2584 1624 2662 propter
1652 2585 1969 2641 mactatam
1997 2575 2367 2662 Iphigeniam
2408 2574 2539 2639 iure
2567 2591 2673 2635 oc·

301 2684 494 2747 cisum
522 2682 1032 2766 Agamemnonem
1062 2682 1282 2765 arguit:

711 2776 852 2852 ἀλλ’
897 2777 1055 2868 ἐμὸν
1097 2777 1173 2851 ἐκ
1214 2774 1404 2850 τοῦδ’
1414 2776 1633 2909 ,E'Qvog
1677 2775 1925 2870 αερθὲν

708 2885 833 2978 τὴν
874 2884 1340 2956 πολύκλαυτόν
1378 2880 1436 2954 τ’
1471 2881 1882 2979 Ἰφιγένειαν

709 2985 957 3074 ἀνάξια
1001 2987 1258 3080 δράσας
1301 2983 1465 3074 ἄξια
1508 2987 1790 3076 πάσχων
1838 3053 1855 3082 ·.
1922 3075 1928 3080 ,

709 3093 920 3186 μηδὲν
963 3092 1033 3164 ἐν
1056 3090 1314 3163 ’.Ἅιδου
1357 3089 1860 3183 μεγαλαυχείτω

715 3194 1141 3291 ξιφοδηλήτῳ

712 3300 995 3394 θανάτῳ
1035 3299 1233 3383 τίσας
1275 3271 1451 3395 ἅπερ
1492 3292 1703 3393 ἦρξεν.
1783 3353 1789 3359 ·

247 3403 256 3409 ’
297 3400 703 3476 Οοησιέστιιιιι
728 3406 850 3498 τὴν
878 3401 1341 3496 πολυκλαύτην
1363 3400 1768 3499 Ἰφιγένειαν
1788 3408 2126 3486 Porsonus,
2154 3404 2277 3496 τῆς
2298 3399 2675 3472 πολυκλαύ-

298 3535 423 3602 της
444 3505 847 3603 Ἰφιγενείας
873 3514 1274 3589 Hermannus‚
1304 3521 1625 3596 propterea
1658 3512 1900 3590 scilicet,
1929 3512 2067 3596 quia
2096 3520 2469 3599 postremam
2497 3511 2675 3576 huius

297 3619 570 3704 nominis
589 3619 951 3703 syllabamin
979 3619 1312 3683 accusativo
1344 3616 1598 3699 produci
1627 3634 1755 3681 non
1782 3635 1968 3700 posse
1997 3616 2361 3692 statuebant3
2392 3633 2587 3697 neque
2614 3614 2672 3678 id

297 3724 925 3808 iniuriasquamquam
956 3721 1349 3800 Dindorfium‚
1377 3722 1575 3785 virum
1596 3721 2199 3819 praestantissimum,
2222 3719 2388 3784 aliter
2414 3719 2675 3784 iudicare

297 3829 494 3893 video.
570 3827 689 3892 Sed
729 3828 954 3893 mederi
992 3827 1133 3892 huic
1171 3825 1592 3902 incommodo,
1644 3825 1941 3909 simulque
1978 3815 2309 3911 planiorem
2350 3821 2673 3888 verborum

299 3893 815 3997 constructionem
854 3942 914 3996 et
951 3931 1305 3997 sententiam
1340 3930 1657 3995 restituere
1692 3929 1891 3995 licebit
1923 3949 2048 3995 uno
2092 3948 2270 3994 versu
2294 3925 2674 4011 transposito
2812 3935 2823 3946 ’

297 4045 362 4100 et
387 4034 702 4121 participio
733 4029 1018 4128 πάσχων
1041 4036 1104 4100 ιιι
1133 4036 1386 4101 verbum
1415 4021 1653 4101 finitum
1683 4043 1945 4100 mutato:

711 4119 857 4204 αλλ’
901 4132 1062 4221 ἐμὸν
1101 4135 1179 4206 ἐκ
1220 4131 1415 4206 τουδ’
1458 4131 1641 4229 ἔρνος
1678 4129 1946 4225 ἀερθὲν,

710 4238 834 4331 τήν
875 4237 1342 4332 πολυκλαύτην
1378 4235 1802 4334 Ἰφιγένειαν,
2002 4290 2014 4304 .

711 4339 922 4434 μηδὲν
963 4339 1035 4411 ἐν
1068 4337 1317 4412 Ἅιδου
1358 4340 1873 4432 μεγαλαυχείτω.
1924 4356 1949 4392 ῑ·
2106 4379 2112 4386 -
2256 4369 2260 4376 ·
