3102 4866
11 1464 20 1513 -„
10 1370 22 1413 —
10 1268 20 1311 .-
11 1160 22 1201 .ι
10 1038 20 1097 ff
10 950 20 993 -ι
11 872 22 889 1·

11 3499 14 3510 “
10 3371 26 3416 Q
10 3263 24 3310 Q
10 3163 24 3204 ὴ
10 3055 22 3099 -
10 2949 24 2996 “
10 2843 22 2889 “
10 2739 22 2784 -
11 2631 22 2676 -r
10 2531 22 2574 -
10 2422 22 2468 -
10 2316 22 2361 -
11 2214 20 2251 -=-
10 2109 20 2152 -—
10 2004 22 2045 —
10 1898 20 1941 -
10 1792 20 1834 -
11 1668 20 1729 —-
10 1581 20 1624 -

1337 291 1469 357 449

228 476 375 540 dum
404 495 540 541 esse
575 477 923 562 intelligunt.
953 479 1187 544 Bonos
1212 480 1396 563 igitur
1418 480 1585 558 viros
1612 498 1688 545 ac
1712 478 2038 562 prudentes
2065 479 2245 544 etiam
2274 479 2396 543 hoc
2414 478 2586 562 quod

230 581 415 644 instat
440 589 712 664 tempus,
743 590 805 647 et
829 581 978 647 haec
1004 602 1156 667 quae
1184 584 1281 648 die
1305 585 1568 651 crastino
1601 582 1948 657 celebraturi
1978 601 2188 648 sumus
2217 579 2445 648 REGIS
2470 568 2585 647 na·

231 683 419 749 talicia
440 685 865 765 admonebunt,
887 685 1113 752 nullam
1135 706 1271 753 esse
1291 687 1704 770 optabiliorem
1725 689 1985 752 formam
2003 686 2387 770 reipublicae,
2399 705 2585 771 quam

229 806 484 871 regnum
533 789 690 856 bene
738 790 1131 857 constitutum
1179 801 1242 857 et
1290 793 1500 877 populi
1535 792 1802 858 libertate
1835 791 2136 875 sapienter
2171 799 2585 883 temperatumt

231 893 639 971 Quamobrem
666 913 853 979 quum
879 903 1017 961 vo‘ta
1045 896 1333 963 faciemus
1360 917 1476 982 pro
1504 898 1686 982 Regis
1713 897 1912 964 nostri
1941 896 2157 974 salute,
2199 915 2377 982 quam
2406 916 2445 961 a
2467 915 2587 981 po·
2694 932 2695 935 =

232 999 360 1082 puli
409 999 598 1065 salute
645 1000 908 1084 disiungi
955 1009 1017 1066 et
1065 1003 1329 1086 separari
1365 1004 1532 1069 nullo
1571 1003 1757 1069 modo
1795 1021 1983 1086 posse
2009 1000 2419 1084 intelligimus,
2469 999 2590 1064 hoc
2660 1075 2673 1085 ,

233 1122 421 1169 unum
471 1104 729 1170 maxime
765 1125 802 1170 a
830 1105 954 1171 Deo
980 1106 1056 1173 Ο.
1088 1107 1164 1172 Μ.
1192 1106 1596 1191 precabimur,
1644 1115 1715 1172 ut
1745 1098 1861 1171 ne'c
1886 1104 2032 1188 Regi
2071 1123 2186 1171 nec
2212 1104 2439 1189 populo
2467 1120 2586 1169 un*

231 1226 413 1290 quam
444 1210 653 1274 deesse
688 1210 862 1274 sinat·
883 1209 1155 1275 virorum
1187 1210 1498 1275 bonorum
1535 1230 1610 1275 ac
1635 1208 1994 1295 sapientium
2025 1208 2205 1273 fidem
2232 1216 2410 1292 atque
2437 1225 2588 1272 con·

230 1311 536 1391 stantiam,
570 1320 755 1397 utque
791 1313 1014 1378 horum
1051 1312 1307 1379 salubria
1337 1312 1587 1378 consilia
1612 1312 1857 1378 tandem
1884 1312 2202 1396 aliquando
2230 1303 2472 1377 vincant
2492 1319 2588 1375 at-

177 1410 184 1415 ’
227 1433 347 1497 que
383 1416 725 1499 opprimant
761 1416 1240 1483 adversariorum
1271 1426 1522 1481 conatus
1535 1465 1553 1493 ,
1593 1416 1719 1481 sive
1745 1416 1809 1480 hi
1836 1414 2134 1482 licentiam
2162 1435 2276 1500 pro
2302 1414 2588 1490 libertate,-

229 1519 353 1581 sive
392 1518 860 1586 dominationem
898 1541 1014 1604 pro
1052 1538 1243 1603 regno
1280 1521 1587 1598 affectant,
1638 1539 1899 1604 quorum
1939 1521 2181 1603 quidem
2212 1518 2508 1584 malorum
2536 1518 2590 1583 si

229 1621 574 1687 alterutrum
604 1623 808 1707 utique
836 1624 1167 1707 optandum
1195 1624 1302 1701 sit,
1342 1642 1623 1690 veremur
1648 1642 1728 1705 ne
1750 1643 1882 1690 non
1908 1624 2119 1709 paucis
2149 1622 2471 1708 optabilius
2499 1621 2591 1686 vi·

227 1724 462 1802 deatur,
492 1725 640 1791 boni
667 1746 738 1791 ac
764 1727 906 1792 iusti
935 1727 1167 1792 domini
1194 1726 1447 1811 imperio
1478 1727 1811 1805 subiectos,
1842 1747 2022 1813 quam
2049 1725 2356 1813 im'peritae
2384 1726 2589 1792 multi-

229 1828 451 1893 tudinis
478 1818 706 1896 libidin‘i
736 1825 1033 1897 obnoxios
1060 1830 1271 1896 vivere.

397 2142 536 2208 Jam
564 2143 791 2226 reliqua
817 2151 1027 2208 nostra
1058 2143 1248 2208 oratio
1280 2143 1355 2208 ad
1368 2145 1512 2221 Vos,
1543 2127 2025 2219 commilitones,
2050 2142 2443 2209 convertenda
2470 2151 2585 2218 est,

227 2253 297 2309 ut
322 2264 736 2329 proponamus
765 2245 948 2311 Vobis
979 2265 1129 2330 quae
1158 2247 1411 2331 propius
1440 2248 1514 2312 ad
1536 2247 1660 2313 Vos
1682 2249 2080 2331 vestrumque
2109 2247 2371 2313 officium
2399 2245 2586 2331 perti·

229 2356 394 2414 nent.
440 2349 678 2415 Scimus
706 2358 906 2415 autem
933 2369 1410 2436 persuasumque
1435 2340 1750 2430 habemus,
1782 2353 1982 2417 sinon
2007 2348 2240 2429 omnes,
2267 2359 2327 2416 at
2347 2351 2585 2433 pleros-

228 2472 346 2535 que
381 2453 592 2520 saltem
623 2455 903 2520 Vestrum
931 2455 1075 2521 satis
1105 2455 1275 2539 ipsos
1305 2456 1656 2540 intelligere,
1694 2456 1843 2523 nihil
1872 2458 2064 2541 magis
2093 2468 2269 2541 atque
2297 2455 2584 2521 intentius

229 2557 517 2622 studiosis
554 2558 1027 2625 adolescentibus
1063 2560 1359 2643 agendum
1401 2579 1568 2637 esse,
1609 2579 1788 2643 quam
1825 2570 1890 2625 ut
1922 2561 2167 2645 optimis
2197 2560 2426 2625 artibus
2453 2559 2586 2624 ani·

227 2679 367 2725 mos
395 2679 544 2725 suos
572 2661 759 2728 excoli
786 2662 1136 2746 instituique
1163 2684 1232 2729 se
1259 2664 1334 2728 ad
1365 2664 1600 2729 litturae
1626 2665 1779 2730 vitae
1807 2664 2011 2730 munia
2039 2644 2216 2748 atque
2238 2663 2433 2729 officia
2453 2681 2586 2728 ma-

230 2751 557 2847 gistrorum
592 2768 925 2849 praeceptis
965 2777 1025 2831 et
1052 2768 1363 2860 disciplina
1394 2769 1702 2848 studeant,
1739 2786 2041 2853 unamque
2069 2768 2144 2833 iis
2171 2768 2410 2832 laudem
2438 2785 2586 2851 pro-

228 2869 489 2951 positam
519 2889 653 2934 esse
681 2889 752 2934 ex
781 2869 960 2935 huius
992 2872 1173 2936 studii
1203 2872 1547 2937 assiduitate
1564 2920 1581 2951 ,
1610 2871 1833 2937 nullam
1867 2880 2065 2937 autem
2092 2872 2587 2954 perniciosiorem

115 2973 124 2980 ”
153 3027 178 3038 -
229 2981 456 3055 pestem
488 2973 1215 3040 adolescentium·animos
1245 2976 1523 3042 invadere
1549 2996 1755 3060 posse,
1782 2996 1961 3060 quam
1984 2977 2036 3040 si
2059 2975 2420 3041 conditionis
2444 2992 2587 3039 suae
2652 2999 2659 3006 ·

229 3084 406 3159 atque
445 3078 650 3141 aetatis
686 3078 1075 3144 immemores
1114 3079 1190 3145 ad
1221 3081 1447 3146 maiora
1477 3099 1657 3163 quam
1687 3082 1780 3145 sas
1810 3089 1902 3144 est
1928 3079 2261 3162 adspirent,
2301 3077 2587 3142 immatu-

226 3178 432 3262 risque
461 3177 724 3245 consiliis
751 3181 1272 3267 inexercitatisque
1303 3183 1525 3248 viribus
1557 3203 1625 3248 ea
1652 3182 1766 3247 sibi
1794 3189 2099 3263 arrogent,
2130 3199 2280 3262 quae
2307 3178 2425 3244 nisi
2454 3180 2586 3244 ani-

227 3302 331 3347 mo
384 3291 619 3348 maturo
672 3286 978 3369 multoque
1027 3307 1228 3354 rerum
1267 3306 1398 3352 usur
1424 3295 1483 3351 et
1521 3295 1811 3352 vetustate
1838 3285 2132 3350 instructo
2161 3283 2404 3349 tractari
2428 3291 2589 3348 mete

227 3406 354 3452 nou
392 3397 669 3471 possunt.
747 3390 907 3456 'Hinc
945 3392 1134 3469 enim,
1173 3392 1226 3456 si
1264 3391 1411 3456 nihil
1439 3391 1629 3468 aliud,
1666 3390 1787 3455 hoc
1814 3399 1974 3453 certe
2002 3388 2142 3452 mali
2168 3387 2461 3462 nascitur,
2498 3395 2587 3463 ut,

228 3511 415 3575 quum
446 3503 791 3577 quaerent,
823 3514 972 3578 quae
998 3496 1269 3560 nondum
1300 3495 1373 3559 ad
1405 3494 1897 3577 sesepertinent,
1925 3492 2019 3557 illa
2053 3510 2203 3574 quae
2230 3490 2486 3555 maxime
2513 3491 2591 3555 ad

228 3616 298 3660 se
323 3598 650 3679 pertinent,
681 3617 947 3682 quaeque
974 3610 1033 3664 et
1059 3607 1338 3684 poteraut
1365 3607 1424 3662 et
1451 3598 1752 3663 debebant
1778 3595 2092 3678 consequi,
2120 3595 2417 3679 negligant
2443 3613 2588 3680 per-

230 3701 517 3784 dantque,
569 3721 819 3786 seraque
857 3709 1000 3767 mox
1028 3702 1396 3785 poenitentia
1425 3702 1725 3785 optimum
1753 3700 2185 3766 adolescentiae
2210 3709 2452 3781 tempus
2478 3718 2591 3781 per

229 3822 418 3870 vanos
448 3814 701 3872 conatus
734 3814 957 3872 temere
986 3808 1245 3872 effusum
1276 3806 1607 3891 deplorent.
1655 3805 1792 3882 Quo
1823 3804 2013 3887 magis
2044 3816 2243 3868 autem
2272 3799 2452 3866 officii
2480 3802 2590 3866 ad-

228 3918 615 3986 moneantur,
656 3909 1099 3993 excitanturque
1137 3911 1210 3976 ad
1242 3929 1465 3975 munus
1495 3928 1677 3975 suum
1703 3909 1934 3973 naviter
1960 3907 2350 3991 explendum,
2403 3923 2591 3988 quum

230 4013 343 4078 alia
392 4012 665 4078 instituta
714 4023 881 4091 sunt,
932 4023 1062 4079 tum
1098 4015 1246 4080 haec
1283 4034 1523 4099 quoque
1563 4013 1888 4080 certamina
1923 4010 2201 4076 litteraria
2228 4009 2588 4084 indicuntur,

232 4115 1046 4206 quaestionibus-propositis
1076 4117 1148 4183 ad
1181 4127 1422 4201 captum
1446 4117 1913 4183 adolescentium
1938 4112 2425 4189 accommodatis,
2454 4113 2591 4195 qui-

228 4219 349 4284 bus
377 4220 705 4285 tractandis
731 4221 890 4285 vires
918 4238 1061 4285 suas
1089 4222 1498 4305 experiantur,
1524 4219 1824 4303 studiique
1852 4220 1948 4285 sui
1976 4217 2385 4284 strenuitatem
2415 4214 2591 4298 quid·

229 4343 350 4407 que
376 4326 742 4408 profecerint
767 4326 831 4390 in
859 4325 1097 4403 litteris,
1126 4326 1621 4411 praeceptoribus
1653 4325 1782 4391 suis
1812 4323 2166 4409 approbent.
2245 4320 2593 4385 Indicuntur

562 4691 601 4715 p
